<?xml version="1.0" encoding="UTF-8"?>
<!DOCTYPE html PUBLIC "-//W3C//DTD XHTML 1.0 Transitional//EN"
    "http://www.w3.org/TR/xhtml1/DTD/xhtml1-transitional.dtd">
<html xmlns="http://www.w3.org/1999/xhtml" xml:lang="en" lang="en">
 <head>
  <title>
</title>
<meta http-equiv="Content-Type" content="text/html;charset=utf-8" />
  <meta name='ocr-system' content='tesseract 3.04.00' />
  <meta name='ocr-capabilities' content='ocr_page ocr_carea ocr_par ocr_line ocrx_word'/>
</head>
<body>
  <div class='ocr_page' id='page_1' title='image "./petriablardiope00despgoog_0361.png"; bbox 0 0 4559 6100; ppageno 0'>
   <div class='ocr_carea' id='block_1_1' title="bbox 709 563 1830 664">
    <p class='ocr_par' dir='ltr' id='par_1_1' title="bbox 709 563 1830 664">
     <span class='ocr_line' id='line_1_1' title="bbox 709 563 1830 664; baseline 0.003 -8"><span class='ocrx_word' id='word_1_1' title='bbox 709 586 753 658; x_wconf 85' lang='lat' dir='ltr'><strong>u</strong></span> <span class='ocrx_word' id='word_1_2' title='bbox 777 585 1022 658; x_wconf 79' lang='lat' dir='ltr'><strong>unsromu</strong></span> <span class='ocrx_word' id='word_1_3' title='bbox 1047 587 1108 658; x_wconf 77' lang='lat' dir='ltr'><strong>tn</strong></span> <span class='ocrx_word' id='word_1_4' title='bbox 1132 586 1358 660; x_wconf 69' lang='lat' dir='ltr'><strong>nouenos.</strong></span> <span class='ocrx_word' id='word_1_5' title='bbox 1488 563 1493 572; x_wconf 66' lang='lat'>‘</span> <span class='ocrx_word' id='word_1_6' title='bbox 1751 587 1830 664; x_wconf 79' lang='lat' dir='ltr'><strong>,aas</strong></span> 
     </span>
    </p>
   </div>
   <div class='ocr_carea' id='block_1_2' title="bbox 231 730 1840 4782">
    <p class='ocr_par' dir='ltr' id='par_1_2' title="bbox 231 730 1840 3324">
     <span class='ocr_line' id='line_1_2' title="bbox 236 730 1830 810; baseline 0.001 -5"><span class='ocrx_word' id='word_1_7' title='bbox 236 732 310 805; x_wconf 88' lang='lat' dir='ltr'><strong>rios</strong></span> <span class='ocrx_word' id='word_1_8' title='bbox 325 731 448 804; x_wconf 80' lang='lat' dir='ltr'><strong>venire</strong></span> <span class='ocrx_word' id='word_1_9' title='bbox 473 730 693 805; x_wconf 64' lang='lat' dir='ltr'><strong>adhortatur⁴</strong></span> <span class='ocrx_word' id='word_1_10' title='bbox 712 747 752 805; x_wconf 90' lang='lat' dir='ltr'><strong>ut</strong></span> <span class='ocrx_word' id='word_1_11' title='bbox 772 733 858 806; x_wconf 89' lang='lat' dir='ltr'><strong>inde</strong></span> <span class='ocrx_word' id='word_1_12' title='bbox 879 733 980 807; x_wconf 79' lang='lat' dir='ltr'><strong>facile</strong></span> <span class='ocrx_word' id='word_1_13' title='bbox 997 733 1285 807; x_wconf 60' lang='lat' dir='ltr'><strong>fornicationum</strong></span> <span class='ocrx_word' id='word_1_14' title='bbox 1307 757 1453 810; x_wconf 91' lang='lat' dir='ltr'><strong>suarum</strong></span> <span class='ocrx_word' id='word_1_15' title='bbox 1477 734 1704 807; x_wconf 79' lang='lat' dir='ltr'>occasionem</span> <span class='ocrx_word' id='word_1_16' title='bbox 1732 759 1830 808; x_wconf 90' lang='lat' dir='ltr'><strong>assu·</strong></span> 
     </span>
     <span class='ocr_line' id='line_1_3' title="bbox 231 850 1832 942; baseline 0.002 -19"><span class='ocrx_word' id='word_1_17' title='bbox 231 865 350 924; x_wconf 86' lang='lat' dir='ltr'><strong>mant.</strong></span> <span class='ocrx_word' id='word_1_18' title='bbox 370 880 389 917; x_wconf 71' lang='grc' dir='ltr'><strong>α</strong></span> <span class='ocrx_word' id='word_1_19' title='bbox 402 856 482 922; x_wconf 91' lang='lat' dir='ltr'><strong>Non</strong></span> <span class='ocrx_word' id='word_1_20' title='bbox 492 851 528 922; x_wconf 92' lang='lat' dir='ltr'><strong>in</strong></span> <span class='ocrx_word' id='word_1_21' title='bbox 545 853 789 926; x_wconf 81' lang='lat' dir='ltr'><strong>contentione.</strong></span> <span class='ocrx_word' id='word_1_22' title='bbox 808 882 825 918; x_wconf 75' lang='lat' dir='ltr'><strong>n</strong></span> <span class='ocrx_word' id='word_1_23' title='bbox 841 854 1144 926; x_wconf 87' lang='lat' dir='ltr'><strong>Tumultuosaest</strong></span> <span class='ocrx_word' id='word_1_24' title='bbox 1158 852 1325 942; x_wconf 79' lang='lat' dir='ltr'><strong>ebrietas,</strong></span> <span class='ocrx_word' id='word_1_25' title='bbox 1339 866 1375 924; x_wconf 92' lang='lat' dir='ltr'><strong>et</strong></span> <span class='ocrx_word' id='word_1_26' title='bbox 1391 850 1492 923; x_wconf 81' lang='lat' dir='ltr'><strong>facile</strong></span> <span class='ocrx_word' id='word_1_27' title='bbox 1509 852 1546 923; x_wconf 92' lang='lat' dir='ltr'><strong>in</strong></span> <span class='ocrx_word' id='word_1_28' title='bbox 1561 855 1832 934; x_wconf 78' lang='lat' dir='ltr'><strong>contentionem</strong></span> 
     </span>
     <span class='ocr_line' id='line_1_4' title="bbox 238 953 1831 1069; baseline 0 -26"><span class='ocrx_word' id='word_1_29' title='bbox 238 953 647 1069; x_wconf 81' lang='lat' dir='ltr'><strong>prorumpit,utlitiget.</strong></span> <span class='ocrx_word' id='word_1_30' title='bbox 662 971 941 1048; x_wconf 83' lang='lat' dir='ltr'><strong>AEmulationem</strong></span> <span class='ocrx_word' id='word_1_31' title='bbox 959 973 1045 1048; x_wconf 88' lang='lat' dir='ltr'><strong>dicit</strong></span> <span class='ocrx_word' id='word_1_32' title='bbox 1055 973 1172 1046; x_wconf 86' lang='lat' dir='ltr'><strong>zelum</strong></span> <span class='ocrx_word' id='word_1_33' title='bbox 1184 971 1332 1060; x_wconf 90' lang='lat' dir='ltr'><strong>malum,</strong></span> <span class='ocrx_word' id='word_1_34' title='bbox 1347 970 1386 1043; x_wconf 95' lang='lat' dir='ltr'><strong>id</strong></span> <span class='ocrx_word' id='word_1_35' title='bbox 1397 985 1449 1043; x_wconf 89' lang='lat' dir='ltr'><strong>est</strong></span> <span class='ocrx_word' id='word_1_36' title='bbox 1457 972 1741 1044; x_wconf 90' lang='lat' dir='ltr'><strong>commotionem</strong></span> <span class='ocrx_word' id='word_1_37' title='bbox 1757 972 1831 1046; x_wconf 91' lang='lat' dir='ltr'><strong>odii</strong></span> 
     </span>
     <span class='ocr_line' id='line_1_5' title="bbox 238 1090 1833 1189; baseline 0.002 -27"><span class='ocrx_word' id='word_1_38' title='bbox 238 1092 275 1163; x_wconf 92' lang='lat' dir='ltr'><strong>in</strong></span> <span class='ocrx_word' id='word_1_39' title='bbox 293 1091 458 1183; x_wconf 89' lang='lat' dir='ltr'><strong>alterum,</strong></span> <span class='ocrx_word' id='word_1_40' title='bbox 480 1090 579 1188; x_wconf 89' lang='lat' dir='ltr'><strong>qnod</strong></span> <span class='ocrx_word' id='word_1_41' title='bbox 605 1094 820 1164; x_wconf 84' lang='lat' dir='ltr'><strong>maximecx</strong></span> <span class='ocrx_word' id='word_1_42' title='bbox 837 1093 1008 1170; x_wconf 71' lang='lat' dir='ltr'><strong>conuiciis</strong></span> <span class='ocrx_word' id='word_1_43' title='bbox 1023 1093 1079 1165; x_wconf 89' lang='lat' dir='ltr'><strong>vel</strong></span> <span class='ocrx_word' id='word_1_44' title='bbox 1095 1093 1234 1188; x_wconf 86' lang='lat' dir='ltr'><strong>injuriis</strong></span> <span class='ocrx_word' id='word_1_45' title='bbox 1250 1091 1499 1174; x_wconf 82' lang='lat' dir='ltr'><strong>contentiones</strong></span> <span class='ocrx_word' id='word_1_46' title='bbox 1520 1106 1714 1189; x_wconf 87' lang='lat' dir='ltr'><strong>sequantur</strong></span> <span class='ocrx_word' id='word_1_47' title='bbox 1731 1121 1742 1184; x_wconf 77' lang='lat'>3</span> <span class='ocrx_word' id='word_1_48' title='bbox 1761 1093 1833 1165; x_wconf 85' lang='lat' dir='ltr'><strong>fere</strong></span> 
     </span>
     <span class='ocr_line' id='line_1_6' title="bbox 233 1209 1833 1311; baseline 0.003 -30"><span class='ocrx_word' id='word_1_49' title='bbox 233 1210 336 1282; x_wconf 87' lang='lat' dir='ltr'><strong>enim</strong></span> <span class='ocrx_word' id='word_1_50' title='bbox 350 1235 478 1284; x_wconf 90' lang='lat' dir='ltr'><strong>omnes</strong></span> <span class='ocrx_word' id='word_1_51' title='bbox 497 1226 535 1284; x_wconf 89' lang='lat' dir='ltr'><strong>et</strong></span> <span class='ocrx_word' id='word_1_52' title='bbox 553 1212 705 1284; x_wconf 85' lang='lat' dir='ltr'><strong>maxime</strong></span> <span class='ocrx_word' id='word_1_53' title='bbox 720 1212 889 1285; x_wconf 87' lang='lat' dir='ltr'><strong>liberales</strong></span> <span class='ocrx_word' id='word_1_54' title='bbox 904 1211 1070 1290; x_wconf 90' lang='lat' dir='ltr'><strong>homines</strong></span> <span class='ocrx_word' id='word_1_55' title='bbox 1087 1214 1259 1309; x_wconf 85' lang='lat' dir='ltr'><strong>magisex</strong></span> <span class='ocrx_word' id='word_1_56' title='bbox 1274 1209 1497 1310; x_wconf 82' lang='lat' dir='ltr'><strong>turpitudine</strong></span> <span class='ocrx_word' id='word_1_57' title='bbox 1512 1209 1706 1284; x_wconf 79' lang='lat' dir='ltr'><strong>verborum</strong></span> <span class='ocrx_word' id='word_1_58' title='bbox 1724 1237 1833 1311; x_wconf 88' lang='lat' dir='ltr'><strong>quam</strong></span> 
     </span>
     <span class='ocr_line' id='line_1_7' title="bbox 232 1329 1834 1432; baseline 0.004 -33"><span class='ocrx_word' id='word_1_59' title='bbox 232 1353 277 1399; x_wconf 81' lang='lat' dir='ltr'><strong>ex</strong></span> <span class='ocrx_word' id='word_1_60' title='bbox 292 1331 496 1427; x_wconf 76' lang='lat' dir='ltr'><strong>jactatione</strong></span> <span class='ocrx_word' id='word_1_61' title='bbox 520 1329 736 1408; x_wconf 89' lang='lat' dir='ltr'><strong>damnorum</strong></span> <span class='ocrx_word' id='word_1_62' title='bbox 751 1330 938 1406; x_wconf 84' lang='lat' dir='ltr'><strong>inodium</strong></span> <span class='ocrx_word' id='word_1_63' title='bbox 958 1331 1218 1413; x_wconf 86' lang='lat' dir='ltr'><strong>accenduntur.</strong></span> <span class='ocrx_word' id='word_1_64' title='bbox 1242 1336 1326 1404; x_wconf 86' lang='lat' dir='ltr'><strong>Post</strong></span> <span class='ocrx_word' id='word_1_65' title='bbox 1350 1354 1461 1432; x_wconf 87' lang='lat' dir='ltr'><strong>opera</strong></span> <span class='ocrx_word' id='word_1_66' title='bbox 1480 1329 1731 1423; x_wconf 85' lang='lat' dir='ltr'><strong>tenebrarum,</strong></span> <span class='ocrx_word' id='word_1_67' title='bbox 1755 1358 1834 1431; x_wconf 83' lang='lat' dir='ltr'><strong>quae</strong></span> 
     </span>
     <span class='ocr_line' id='line_1_8' title="bbox 236 1447 1835 1553; baseline 0.004 -34"><span class='ocrx_word' id='word_1_68' title='bbox 236 1447 437 1544; x_wconf 86' lang='lat' dir='ltr'><strong>abjicienda</strong></span> <span class='ocrx_word' id='word_1_69' title='bbox 456 1450 561 1543; x_wconf 88' lang='lat' dir='ltr'><strong>dicit,</strong></span> <span class='ocrx_word' id='word_1_70' title='bbox 583 1481 600 1520; x_wconf 81' lang='lat' dir='ltr'><strong>u</strong></span> <span class='ocrx_word' id='word_1_71' title='bbox 620 1476 721 1524; x_wconf 87' lang='lat' dir='ltr'><strong>arma</strong></span> <span class='ocrx_word' id='word_1_72' title='bbox 737 1453 843 1540; x_wconf 85' lang='lat' dir='ltr'><strong>locis,</strong></span> <span class='ocrx_word' id='word_1_73' title='bbox 862 1452 1006 1525; x_wconf 80' lang='lat' dir='ltr'><strong>»idest</strong></span> <span class='ocrx_word' id='word_1_74' title='bbox 1023 1454 1170 1525; x_wconf 90' lang='lat' dir='ltr'><strong>virtutes</strong></span> <span class='ocrx_word' id='word_1_75' title='bbox 1186 1451 1316 1525; x_wconf 79' lang='lat' dir='ltr'><strong>Christi</strong></span> <span class='ocrx_word' id='word_1_76' title='bbox 1332 1476 1421 1550; x_wconf 90' lang='lat' dir='ltr'><strong>quas</strong></span> <span class='ocrx_word' id='word_1_77' title='bbox 1437 1452 1644 1546; x_wconf 85' lang='lat' dir='ltr'><strong>induamur,</strong></span> <span class='ocrx_word' id='word_1_78' title='bbox 1663 1455 1835 1553; x_wconf 87' lang='lat' dir='ltr'><strong>supponit</strong></span> 
     </span>
     <span class='ocr_line' id='line_1_9' title="bbox 241 1567 1834 1671; baseline 0.005 -34"><span class='ocrx_word' id='word_1_79' title='bbox 241 1567 391 1641; x_wconf 87' lang='lat' dir='ltr'><strong>dicens:</strong></span> <span class='ocrx_word' id='word_1_80' title='bbox 414 1597 432 1645; x_wconf 84' lang='lat' dir='ltr'><strong>n</strong></span> <span class='ocrx_word' id='word_1_81' title='bbox 446 1570 516 1643; x_wconf 87' lang='lat' dir='ltr'><strong>Sed</strong></span> <span class='ocrx_word' id='word_1_82' title='bbox 534 1571 737 1646; x_wconf 86' lang='lat' dir='ltr'><strong>induimini.</strong></span> <span class='ocrx_word' id='word_1_83' title='bbox 753 1602 772 1641; x_wconf 79' lang='lat' dir='ltr'><strong>rr</strong></span> <span class='ocrx_word' id='word_1_84' title='bbox 794 1579 934 1669; x_wconf 78' lang='lat' dir='ltr'><strong>Agnum</strong></span> <span class='ocrx_word' id='word_1_85' title='bbox 959 1572 1017 1652; x_wconf 77' lang='lat' dir='ltr'><strong>vel</strong></span> <span class='ocrx_word' id='word_1_86' title='bbox 1042 1572 1185 1648; x_wconf 90' lang='lat' dir='ltr'><strong>leonem</strong></span> <span class='ocrx_word' id='word_1_87' title='bbox 1211 1571 1361 1644; x_wconf 90' lang='lat' dir='ltr'><strong>induere</strong></span> <span class='ocrx_word' id='word_1_88' title='bbox 1384 1571 1517 1656; x_wconf 85' lang='lat' dir='ltr'><strong>dicitur</strong></span> <span class='ocrx_word' id='word_1_89' title='bbox 1539 1573 1746 1671; x_wconf 89' lang='lat' dir='ltr'><strong>quicunque</strong></span> <span class='ocrx_word' id='word_1_90' title='bbox 1768 1572 1834 1645; x_wconf 91' lang='lat' dir='ltr'><strong>ha·</strong></span> 
     </span>
     <span class='ocr_line' id='line_1_10' title="bbox 240 1685 1834 1792; baseline 0.004 -34"><span class='ocrx_word' id='word_1_91' title='bbox 240 1685 359 1759; x_wconf 91' lang='lat' dir='ltr'><strong>bitum</strong></span> <span class='ocrx_word' id='word_1_92' title='bbox 375 1692 551 1763; x_wconf 91' lang='lat' dir='ltr'><strong>mansneti</strong></span> <span class='ocrx_word' id='word_1_93' title='bbox 563 1690 621 1763; x_wconf 83' lang='lat' dir='ltr'><strong>vel</strong></span> <span class='ocrx_word' id='word_1_94' title='bbox 635 1691 791 1768; x_wconf 90' lang='lat' dir='ltr'><strong>crudelis</strong></span> <span class='ocrx_word' id='word_1_95' title='bbox 809 1692 955 1764; x_wconf 81' lang='lat' dir='ltr'><strong>assumit</strong></span> <span class='ocrx_word' id='word_1_96' title='bbox 972 1720 980 1763; x_wconf 77' lang='grc' dir='ltr'><strong><em>ε</em></strong></span> <span class='ocrx_word' id='word_1_97' title='bbox 1002 1692 1066 1764; x_wconf 91' lang='lat' dir='ltr'><strong>sed</strong></span> <span class='ocrx_word' id='word_1_98' title='bbox 1080 1707 1115 1764; x_wconf 90' lang='lat' dir='ltr'><strong>et</strong></span> <span class='ocrx_word' id='word_1_99' title='bbox 1124 1692 1308 1778; x_wconf 83' lang='lat' dir='ltr'><strong>Christum</strong></span> <span class='ocrx_word' id='word_1_100' title='bbox 1322 1693 1384 1790; x_wconf 91' lang='lat' dir='ltr'><strong>qui</strong></span> <span class='ocrx_word' id='word_1_101' title='bbox 1398 1691 1586 1792; x_wconf 83' lang='lat' dir='ltr'><strong>plenitudo</strong></span> <span class='ocrx_word' id='word_1_102' title='bbox 1600 1706 1654 1764; x_wconf 92' lang='lat' dir='ltr'><strong>est</strong></span> <span class='ocrx_word' id='word_1_103' title='bbox 1669 1692 1834 1764; x_wconf 90' lang='lat' dir='ltr'><strong>omnium</strong></span> 
     </span>
     <span class='ocr_line' id='line_1_11' title="bbox 241 1807 1834 1911; baseline 0.004 -34"><span class='ocrx_word' id='word_1_104' title='bbox 241 1807 588 1902; x_wconf 69' lang='lat' dir='ltr'><strong>virtutum‘induere</strong></span> <span class='ocrx_word' id='word_1_105' title='bbox 613 1809 756 1903; x_wconf 88' lang='lat' dir='ltr'><strong>dicitur,</strong></span> <span class='ocrx_word' id='word_1_106' title='bbox 783 1812 846 1909; x_wconf 91' lang='lat' dir='ltr'><strong>qui</strong></span> <span class='ocrx_word' id='word_1_107' title='bbox 874 1811 951 1907; x_wconf 91' lang='lat' dir='ltr'><strong>ejus</strong></span> <span class='ocrx_word' id='word_1_108' title='bbox 967 1811 1153 1909; x_wconf 87' lang='lat' dir='ltr'><strong>sequendo</strong></span> <span class='ocrx_word' id='word_1_109' title='bbox 1171 1812 1329 1908; x_wconf 83' lang='lat' dir='ltr'><strong>vestigia,</strong></span> <span class='ocrx_word' id='word_1_110' title='bbox 1350 1811 1519 1884; x_wconf 90' lang='lat' dir='ltr'><strong>omnihus</strong></span> <span class='ocrx_word' id='word_1_111' title='bbox 1546 1836 1612 1910; x_wconf 89' lang='lat' dir='ltr'><strong>pro</strong></span> <span class='ocrx_word' id='word_1_112' title='bbox 1638 1835 1744 1911; x_wconf 88' lang='lat' dir='ltr'><strong>posse</strong></span> <span class='ocrx_word' id='word_1_113' title='bbox 1767 1836 1834 1884; x_wconf 87' lang='lat' dir='ltr'><strong>suo</strong></span> 
     </span>
     <span class='ocr_line' id='line_1_12' title="bbox 243 1926 1834 2030; baseline 0.003 -32"><span class='ocrx_word' id='word_1_114' title='bbox 243 1926 363 2000; x_wconf 89' lang='lat' dir='ltr'><strong>studet</strong></span> <span class='ocrx_word' id='word_1_115' title='bbox 387 1952 425 2001; x_wconf 91' lang='lat' dir='ltr'><strong>se</strong></span> <span class='ocrx_word' id='word_1_116' title='bbox 449 1928 627 2003; x_wconf 89' lang='lat' dir='ltr'><strong>adornare</strong></span> <span class='ocrx_word' id='word_1_117' title='bbox 649 1929 853 2008; x_wconf 87' lang='lat' dir='ltr'><strong>virtutibus.</strong></span> <span class='ocrx_word' id='word_1_118' title='bbox 882 1931 976 2003; x_wconf 90' lang='lat' dir='ltr'><strong>Dicit</strong></span> <span class='ocrx_word' id='word_1_119' title='bbox 1001 1930 1105 2014; x_wconf 91' lang='lat' dir='ltr'><strong>idem</strong></span> <span class='ocrx_word' id='word_1_120' title='bbox 1121 1932 1309 2030; x_wconf 82' lang='lat' dir='ltr'><strong>Apostolus</strong></span> <span class='ocrx_word' id='word_1_121' title='bbox 1334 1930 1426 2004; x_wconf 87' lang='lat' dir='ltr'><strong>alibi.</strong></span> <span class='ocrx_word' id='word_1_122' title='bbox 1447 1930 1492 2004; x_wconf 93' lang='lat' dir='ltr'><strong>de</strong></span> <span class='ocrx_word' id='word_1_123' title='bbox 1519 1930 1674 2004; x_wconf 89' lang='lat' dir='ltr'><strong>Christo¹</strong></span> <span class='ocrx_word' id='word_1_124' title='bbox 1701 1957 1749 2002; x_wconf 75' lang='lat' dir='ltr'><strong>t«</strong></span> <span class='ocrx_word' id='word_1_125' title='bbox 1764 1932 1834 2019; x_wconf 90' lang='lat' dir='ltr'><strong>Qui</strong></span> 
     </span>
     <span class='ocr_line' id='line_1_13' title="bbox 242 2045 1835 2149; baseline 0.004 -32"><span class='ocrx_word' id='word_1_126' title='bbox 242 2045 354 2118; x_wconf 84' lang='lat' dir='ltr'><strong>factus</strong></span> <span class='ocrx_word' id='word_1_127' title='bbox 379 2062 433 2120; x_wconf 91' lang='lat' dir='ltr'><strong>est</strong></span> <span class='ocrx_word' id='word_1_128' title='bbox 456 2050 793 2148; x_wconf 84' lang='lat' dir='ltr'><strong>sapientianobisa</strong></span> <span class='ocrx_word' id='word_1_129' title='bbox 817 2056 908 2142; x_wconf 87' lang='lat' dir='ltr'><strong>Dec,</strong></span> <span class='ocrx_word' id='word_1_130' title='bbox 925 2065 972 2126; x_wconf 81' lang='lat' dir='ltr'><strong>¹et</strong></span> <span class='ocrx_word' id='word_1_131' title='bbox 989 2051 1195 2147; x_wconf 54' lang='lat' dir='ltr'><strong>justitia,„et</strong></span> <span class='ocrx_word' id='word_1_132' title='bbox 1216 2050 1449 2124; x_wconf 84' lang='lat' dir='ltr'><strong>sanctificatio</strong></span> <span class='ocrx_word' id='word_1_133' title='bbox 1470 2065 1507 2123; x_wconf 89' lang='lat' dir='ltr'><strong>et</strong></span> <span class='ocrx_word' id='word_1_134' title='bbox 1522 2049 1767 2149; x_wconf 79' lang='lat' dir='ltr'><strong>redemptio.»</strong></span> <span class='ocrx_word' id='word_1_135' title='bbox 1787 2054 1835 2123; x_wconf 77' lang='lat' dir='ltr'><strong>Ac</strong></span> 
     </span>
     <span class='ocr_line' id='line_1_14' title="bbox 241 2166 1833 2265; baseline 0.002 -27"><span class='ocrx_word' id='word_1_136' title='bbox 241 2166 271 2238; x_wconf 90' lang='lat' dir='ltr'><strong>si</strong></span> <span class='ocrx_word' id='word_1_137' title='bbox 294 2181 416 2265; x_wconf 88' lang='lat' dir='ltr'><strong>aperte</strong></span> <span class='ocrx_word' id='word_1_138' title='bbox 439 2168 534 2242; x_wconf 91' lang='lat' dir='ltr'><strong>dicat</strong></span> <span class='ocrx_word' id='word_1_139' title='bbox 555 2194 640 2244; x_wconf 91' lang='lat' dir='ltr'><strong>eum</strong></span> <span class='ocrx_word' id='word_1_140' title='bbox 665 2170 771 2244; x_wconf 91' lang='lat' dir='ltr'><strong>nobis</strong></span> <span class='ocrx_word' id='word_1_141' title='bbox 787 2195 915 2244; x_wconf 92' lang='lat' dir='ltr'><strong>omnes</strong></span> <span class='ocrx_word' id='word_1_142' title='bbox 940 2171 1088 2244; x_wconf 80' lang='lat' dir='ltr'><strong>virtutes</strong></span> <span class='ocrx_word' id='word_1_143' title='bbox 1108 2169 1208 2263; x_wconf 83' lang='lat' dir='ltr'><strong>fleri,</strong></span> <span class='ocrx_word' id='word_1_144' title='bbox 1229 2185 1269 2243; x_wconf 93' lang='lat' dir='ltr'><strong>ut</strong></span> <span class='ocrx_word' id='word_1_145' title='bbox 1291 2169 1582 2256; x_wconf 77' lang='lat' dir='ltr'><strong>cumsirtutibus</strong></span> <span class='ocrx_word' id='word_1_146' title='bbox 1599 2170 1833 2260; x_wconf 90' lang='lat' dir='ltr'><strong>adornamur,</strong></span> 
     </span>
     <span class='ocr_line' id='line_1_15' title="bbox 243 2284 1833 2390; baseline 0.003 -34"><span class='ocrx_word' id='word_1_147' title='bbox 243 2284 423 2370; x_wconf 81' lang='lat' dir='ltr'><strong>Christum</strong></span> <span class='ocrx_word' id='word_1_148' title='bbox 448 2288 601 2363; x_wconf 89' lang='lat' dir='ltr'><strong>induere</strong></span> <span class='ocrx_word' id='word_1_149' title='bbox 629 2306 724 2363; x_wconf 89' lang='lat' dir='ltr'><strong>recte</strong></span> <span class='ocrx_word' id='word_1_150' title='bbox 746 2290 923 2363; x_wconf 85' lang='lat' dir='ltr'><strong>dicamur.</strong></span> <span class='ocrx_word' id='word_1_151' title='bbox 942 2295 990 2370; x_wconf 21' lang='lat' dir='ltr'><strong>,Et</strong></span> <span class='ocrx_word' id='word_1_152' title='bbox 1014 2305 1053 2362; x_wconf 88' lang='lat' dir='ltr'><strong>ut</strong></span> <span class='ocrx_word' id='word_1_153' title='bbox 1077 2290 1276 2390; x_wconf 82' lang='lat' dir='ltr'><strong>specialiter</strong></span> <span class='ocrx_word' id='word_1_154' title='bbox 1301 2290 1482 2362; x_wconf 86' lang='lat' dir='ltr'><strong>Christum</strong></span> <span class='ocrx_word' id='word_1_155' title='bbox 1505 2288 1655 2364; x_wconf 88' lang='lat' dir='ltr'><strong>induere</strong></span> <span class='ocrx_word' id='word_1_156' title='bbox 1678 2290 1833 2390; x_wconf 88' lang='lat' dir='ltr'><strong>possitis,</strong></span> 
     </span>
     <span class='ocr_line' id='line_1_16' title="bbox 241 2399 1838 2508; baseline 0.001 -31"><span class='ocrx_word' id='word_1_157' title='bbox 241 2406 429 2479; x_wconf 81' lang='lat' dir='ltr'><strong>carnaliter</strong></span> <span class='ocrx_word' id='word_1_158' title='bbox 453 2434 500 2481; x_wconf 88' lang='lat' dir='ltr'><strong>ne</strong></span> <span class='ocrx_word' id='word_1_159' title='bbox 519 2410 659 2504; x_wconf 84' lang='lat' dir='ltr'><strong>vivatis,</strong></span> <span class='ocrx_word' id='word_1_160' title='bbox 683 2399 954 2486; x_wconf 84' lang='lat' dir='ltr'><strong>cumvidelicet</strong></span> <span class='ocrx_word' id='word_1_161' title='bbox 978 2434 1065 2492; x_wconf 89' lang='lat' dir='ltr'><strong>caro</strong></span> <span class='ocrx_word' id='word_1_162' title='bbox 1085 2409 1255 2490; x_wconf 85' lang='lat' dir='ltr'><strong>adversus</strong></span> <span class='ocrx_word' id='word_1_163' title='bbox 1273 2411 1439 2508; x_wconf 89' lang='lat' dir='ltr'><strong>spiritum</strong></span> <span class='ocrx_word' id='word_1_164' title='bbox 1460 2411 1714 2508; x_wconf 81' lang='lat' dir='ltr'><strong>concupiscat,</strong></span> <span class='ocrx_word' id='word_1_165' title='bbox 1731 2408 1838 2482; x_wconf 89' lang='lat' dir='ltr'><strong>idest</strong></span> 
     </span>
     <span class='ocr_line' id='line_1_17' title="bbox 241 2523 1835 2626; baseline 0.003 -31"><span class='ocrx_word' id='word_1_166' title='bbox 241 2523 436 2599; x_wconf 88' lang='lat' dir='ltr'><strong>Christum.</strong></span> <span class='ocrx_word' id='word_1_167' title='bbox 455 2558 476 2595; x_wconf 82' lang='lat' dir='ltr'><strong>n</strong></span> <span class='ocrx_word' id='word_1_168' title='bbox 490 2533 622 2601; x_wconf 87' lang='lat' dir='ltr'><strong>Curam</strong></span> <span class='ocrx_word' id='word_1_169' title='bbox 647 2555 693 2603; x_wconf 91' lang='lat' dir='ltr'><strong>ne</strong></span> <span class='ocrx_word' id='word_1_170' title='bbox 719 2529 870 2608; x_wconf 81' lang='lat' dir='ltr'><strong>feceritis</strong></span> <span class='ocrx_word' id='word_1_171' title='bbox 888 2531 926 2602; x_wconf 93' lang='lat' dir='ltr'><strong>in</strong></span> <span class='ocrx_word' id='word_1_172' title='bbox 936 2528 1142 2622; x_wconf 88' lang='lat' dir='ltr'><strong>desideriis,</strong></span> <span class='ocrx_word' id='word_1_173' title='bbox 1158 2561 1175 2596; x_wconf 82' lang='lat' dir='ltr'><strong>r</strong></span> <span class='ocrx_word' id='word_1_174' title='bbox 1196 2530 1234 2601; x_wconf 90' lang='lat' dir='ltr'><strong>in</strong></span> <span class='ocrx_word' id='word_1_175' title='bbox 1250 2528 1449 2622; x_wconf 83' lang='lat' dir='ltr'><strong>desideriis,</strong></span> <span class='ocrx_word' id='word_1_176' title='bbox 1470 2529 1606 2626; x_wconf 90' lang='lat' dir='ltr'><strong>inquit,</strong></span> <span class='ocrx_word' id='word_1_177' title='bbox 1626 2527 1665 2600; x_wconf 96' lang='lat' dir='ltr'><strong>id</strong></span> <span class='ocrx_word' id='word_1_178' title='bbox 1687 2541 1740 2600; x_wconf 88' lang='lat' dir='ltr'><strong>est</strong></span> <span class='ocrx_word' id='word_1_179' title='bbox 1760 2551 1835 2599; x_wconf 91' lang='lat' dir='ltr'><strong>non</strong></span> 
     </span>
     <span class='ocr_line' id='line_1_18' title="bbox 241 2643 1839 2749; baseline 0.002 -35"><span class='ocrx_word' id='word_1_180' title='bbox 241 2643 278 2714; x_wconf 92' lang='lat' dir='ltr'><strong>in</strong></span> <span class='ocrx_word' id='word_1_181' title='bbox 306 2645 549 2745; x_wconf 87' lang='lat' dir='ltr'><strong>superfluitate</strong></span> <span class='ocrx_word' id='word_1_182' title='bbox 575 2648 815 2749; x_wconf 89' lang='lat' dir='ltr'><strong>voluptatum,</strong></span> <span class='ocrx_word' id='word_1_183' title='bbox 845 2649 909 2722; x_wconf 92' lang='lat' dir='ltr'><strong>sed</strong></span> <span class='ocrx_word' id='word_1_184' title='bbox 930 2649 967 2720; x_wconf 91' lang='lat' dir='ltr'><strong>in</strong></span> <span class='ocrx_word' id='word_1_185' title='bbox 989 2649 1197 2721; x_wconf 89' lang='lat' dir='ltr'><strong>necessitate</strong></span> <span class='ocrx_word' id='word_1_186' title='bbox 1221 2648 1488 2721; x_wconf 87' lang='lat' dir='ltr'><strong>alimentorum.</strong></span> <span class='ocrx_word' id='word_1_187' title='bbox 1508 2651 1661 2747; x_wconf 88' lang='lat' dir='ltr'><strong>Oportet</strong></span> <span class='ocrx_word' id='word_1_188' title='bbox 1684 2647 1782 2718; x_wconf 90' lang='lat' dir='ltr'><strong>enim</strong></span> <span class='ocrx_word' id='word_1_189' title='bbox 1802 2660 1839 2719; x_wconf 90' lang='lat' dir='ltr'><strong>et</strong></span> 
     </span>
     <span class='ocr_line' id='line_1_19' title="bbox 241 2765 1838 2867; baseline 0.003 -32"><span class='ocrx_word' id='word_1_190' title='bbox 241 2767 385 2865; x_wconf 88' lang='lat' dir='ltr'><strong>corpori</strong></span> <span class='ocrx_word' id='word_1_191' title='bbox 411 2792 557 2866; x_wconf 90' lang='lat' dir='ltr'><strong>quoque</strong></span> <span class='ocrx_word' id='word_1_192' title='bbox 581 2785 707 2842; x_wconf 88' lang='lat' dir='ltr'><strong>nostro</strong></span> <span class='ocrx_word' id='word_1_193' title='bbox 731 2769 930 2842; x_wconf 88' lang='lat' dir='ltr'><strong>necessaria</strong></span> <span class='ocrx_word' id='word_1_194' title='bbox 956 2768 1132 2867; x_wconf 89' lang='lat' dir='ltr'><strong>impendi,</strong></span> <span class='ocrx_word' id='word_1_195' title='bbox 1152 2768 1244 2841; x_wconf 89' lang='lat' dir='ltr'><strong>sicut</strong></span> <span class='ocrx_word' id='word_1_196' title='bbox 1269 2768 1450 2867; x_wconf 89' lang='lat' dir='ltr'><strong>superflua</strong></span> <span class='ocrx_word' id='word_1_197' title='bbox 1472 2765 1634 2839; x_wconf 89' lang='lat' dir='ltr'><strong>subtrahi</strong></span> <span class='ocrx_word' id='word_1_198' title='bbox 1656 2793 1664 2837; x_wconf 74' lang='grc' dir='ltr'><strong><em>ε</em></strong></span> <span class='ocrx_word' id='word_1_199' title='bbox 1684 2781 1725 2839; x_wconf 92' lang='lat' dir='ltr'><strong>ut</strong></span> <span class='ocrx_word' id='word_1_200' title='bbox 1738 2766 1838 2840; x_wconf 82' lang='lat' dir='ltr'><strong>ride·</strong></span> 
     </span>
     <span class='ocr_line' id='line_1_20' title="bbox 240 2885 1838 2985; baseline 0.002 -29"><span class='ocrx_word' id='word_1_201' title='bbox 240 2885 324 2958; x_wconf 91' lang='lat' dir='ltr'><strong>licet</strong></span> <span class='ocrx_word' id='word_1_202' title='bbox 344 2901 480 2960; x_wconf 89' lang='lat' dir='ltr'><strong>naturae</strong></span> <span class='ocrx_word' id='word_1_203' title='bbox 493 2889 955 2981; x_wconf 83' lang='lat' dir='ltr'><strong>substantiaconservetur,</strong></span> <span class='ocrx_word' id='word_1_204' title='bbox 976 2902 1013 2961; x_wconf 89' lang='lat' dir='ltr'><strong>et</strong></span> <span class='ocrx_word' id='word_1_205' title='bbox 1028 2889 1198 2961; x_wconf 89' lang='lat' dir='ltr'><strong>vitiorum</strong></span> <span class='ocrx_word' id='word_1_206' title='bbox 1214 2887 1628 2985; x_wconf 80' lang='lat' dir='ltr'><strong>fomentadenegentur.</strong></span> <span class='ocrx_word' id='word_1_207' title='bbox 1650 2889 1730 2967; x_wconf 84' lang='lat' dir='ltr'><strong>Non</strong></span> <span class='ocrx_word' id='word_1_208' title='bbox 1753 2911 1838 2985; x_wconf 86' lang='lat' dir='ltr'><strong>ergo</strong></span> 
     </span>
     <span class='ocr_line' id='line_1_21' title="bbox 241 3004 1840 3107; baseline -0.001 -29"><span class='ocrx_word' id='word_1_209' title='bbox 241 3004 290 3079; x_wconf 86' lang='lat' dir='ltr'><strong>ait</strong></span> <span class='ocrx_word' id='word_1_210' title='bbox 316 3006 537 3107; x_wconf 87' lang='lat' dir='ltr'><strong>simpliciter,</strong></span> <span class='ocrx_word' id='word_1_211' title='bbox 568 3011 717 3087; x_wconf 77' lang='lat' dir='ltr'><strong>«carnis</strong></span> <span class='ocrx_word' id='word_1_212' title='bbox 742 3033 868 3091; x_wconf 86' lang='lat' dir='ltr'><strong>curam</strong></span> <span class='ocrx_word' id='word_1_213' title='bbox 897 3033 944 3081; x_wconf 94' lang='lat' dir='ltr'><strong>ne</strong></span> <span class='ocrx_word' id='word_1_214' title='bbox 958 3006 1215 3103; x_wconf 53' lang='lat' dir='ltr'><strong>habueritis»</strong></span> <span class='ocrx_word' id='word_1_215' title='bbox 1245 3007 1322 3099; x_wconf 83' lang='lat' dir='ltr'><strong>sed,</strong></span> <span class='ocrx_word' id='word_1_216' title='bbox 1355 3008 1426 3080; x_wconf 82' lang='lat' dir='ltr'><strong>nin</strong></span> <span class='ocrx_word' id='word_1_217' title='bbox 1454 3006 1695 3101; x_wconf 78' lang='lat' dir='ltr'><strong>desideriis,r</strong></span> <span class='ocrx_word' id='word_1_218' title='bbox 1723 3005 1840 3089; x_wconf 88' lang='lat' dir='ltr'><strong>idest</strong></span> 
     </span>
     <span class='ocr_line' id='line_1_22' title="bbox 241 3125 1838 3229; baseline 0.003 -35"><span class='ocrx_word' id='word_1_219' title='bbox 241 3125 278 3195; x_wconf 92' lang='lat' dir='ltr'><strong>in</strong></span> <span class='ocrx_word' id='word_1_220' title='bbox 302 3126 548 3225; x_wconf 89' lang='lat' dir='ltr'><strong>voluptatibus</strong></span> <span class='ocrx_word' id='word_1_221' title='bbox 564 3132 811 3229; x_wconf 89' lang='lat' dir='ltr'><strong>potiusquam</strong></span> <span class='ocrx_word' id='word_1_222' title='bbox 835 3131 872 3203; x_wconf 90' lang='lat' dir='ltr'><strong>in</strong></span> <span class='ocrx_word' id='word_1_223' title='bbox 888 3128 1170 3215; x_wconf 76' lang='lat' dir='ltr'><strong>necessitatibus.</strong></span> <span class='ocrx_word' id='word_1_224' title='bbox 1196 3130 1277 3202; x_wconf 90' lang='lat' dir='ltr'><strong>Non</strong></span> <span class='ocrx_word' id='word_1_225' title='bbox 1301 3127 1397 3201; x_wconf 87' lang='lat' dir='ltr'><strong>enim</strong></span> <span class='ocrx_word' id='word_1_226' title='bbox 1421 3142 1569 3222; x_wconf 86' lang='lat' dir='ltr'><strong>naturae,</strong></span> <span class='ocrx_word' id='word_1_227' title='bbox 1588 3125 1652 3200; x_wconf 89' lang='lat' dir='ltr'><strong>sed</strong></span> <span class='ocrx_word' id='word_1_228' title='bbox 1672 3128 1838 3213; x_wconf 85' lang='lat' dir='ltr'><strong>vitiorum</strong></span> 
     </span>
     <span class='ocr_line' id='line_1_23' title="bbox 240 3243 661 3324; baseline 0.021 -10"><span class='ocrx_word' id='word_1_229' title='bbox 240 3243 364 3317; x_wconf 87' lang='lat' dir='ltr'><strong>hostes</strong></span> <span class='ocrx_word' id='word_1_230' title='bbox 380 3270 456 3319; x_wconf 88' lang='lat' dir='ltr'><strong>esse</strong></span> <span class='ocrx_word' id='word_1_231' title='bbox 473 3247 661 3324; x_wconf 86' lang='lat' dir='ltr'><strong>debemus.</strong></span> 
     </span>
    </p>

    <p class='ocr_par' dir='ltr' id='par_1_3' title="bbox 237 3361 1840 4782">
     <span class='ocr_line' id='line_1_24' title="bbox 255 3361 1838 3471; baseline 0.002 -38"><span class='ocrx_word' id='word_1_232' title='bbox 255 3418 260 3427; x_wconf 88' lang='lat'><strong>.</strong></span> <span class='ocrx_word' id='word_1_233' title='bbox 293 3393 311 3433; x_wconf 83' lang='lat' dir='ltr'><strong>n</strong></span> <span class='ocrx_word' id='word_1_234' title='bbox 326 3365 513 3440; x_wconf 82' lang='lat' dir='ltr'><strong>infirmum</strong></span> <span class='ocrx_word' id='word_1_235' title='bbox 549 3385 718 3443; x_wconf 80' lang='lat' dir='ltr'><strong>autem.»</strong></span> <span class='ocrx_word' id='word_1_236' title='bbox 743 3377 838 3445; x_wconf 26' lang='lat' dir='ltr'><strong>&lt;Cum</strong></span> <span class='ocrx_word' id='word_1_237' title='bbox 865 3372 1029 3471; x_wconf 87' lang='lat' dir='ltr'><strong>superius</strong></span> <span class='ocrx_word' id='word_1_238' title='bbox 1056 3370 1222 3460; x_wconf 83' lang='lat' dir='ltr'><strong>dixisset,</strong></span> <span class='ocrx_word' id='word_1_239' title='bbox 1255 3398 1274 3439; x_wconf 84' lang='lat' dir='ltr'><strong>n</strong></span> <span class='ocrx_word' id='word_1_240' title='bbox 1289 3375 1369 3441; x_wconf 90' lang='lat' dir='ltr'><strong>Non</strong></span> <span class='ocrx_word' id='word_1_241' title='bbox 1393 3370 1430 3441; x_wconf 91' lang='lat' dir='ltr'><strong>in</strong></span> <span class='ocrx_word' id='word_1_242' title='bbox 1459 3368 1712 3456; x_wconf 81' lang='lat' dir='ltr'><strong>contentione,</strong></span> <span class='ocrx_word' id='word_1_243' title='bbox 1730 3393 1747 3428; x_wconf 77' lang='lat' dir='ltr'><strong>r</strong></span> <span class='ocrx_word' id='word_1_244' title='bbox 1778 3361 1838 3447; x_wconf 90' lang='lat' dir='ltr'><strong>hic</strong></span> 
     </span>
     <span class='ocr_line' id='line_1_25' title="bbox 242 3481 1838 3589; baseline 0.002 -29"><span class='ocrx_word' id='word_1_245' title='bbox 242 3485 420 3582; x_wconf 72' lang='lat' dir='ltr'><strong>praecipue</strong></span> <span class='ocrx_word' id='word_1_246' title='bbox 443 3487 589 3563; x_wconf 91' lang='lat' dir='ltr'><strong>cuidam</strong></span> <span class='ocrx_word' id='word_1_247' title='bbox 610 3515 784 3589; x_wconf 85' lang='lat' dir='ltr'><strong>perversae</strong></span> <span class='ocrx_word' id='word_1_248' title='bbox 804 3491 1028 3565; x_wconf 90' lang='lat' dir='ltr'><strong>contentioni</strong></span> <span class='ocrx_word' id='word_1_249' title='bbox 1043 3491 1082 3562; x_wconf 91' lang='lat' dir='ltr'><strong>iu</strong></span> <span class='ocrx_word' id='word_1_250' title='bbox 1093 3489 1280 3589; x_wconf 84' lang='lat' dir='ltr'><strong>primitiva</strong></span> <span class='ocrx_word' id='word_1_251' title='bbox 1298 3487 1453 3563; x_wconf 84' lang='lat' dir='ltr'><strong>Ecclesia</strong></span> <span class='ocrx_word' id='word_1_252' title='bbox 1469 3488 1591 3555; x_wconf 78' lang='lat' dir='ltr'><strong>statim</strong></span> <span class='ocrx_word' id='word_1_253' title='bbox 1615 3481 1838 3580; x_wconf 69' lang='lat' dir='ltr'><strong>expositione</strong></span> 
     </span>
     <span class='ocr_line' id='line_1_26' title="bbox 237 3599 1838 3703; baseline 0.002 -30"><span class='ocrx_word' id='word_1_254' title='bbox 237 3599 353 3674; x_wconf 81' lang='lat' dir='ltr'><strong>¹linem</strong></span> <span class='ocrx_word' id='word_1_255' title='bbox 377 3603 564 3703; x_wconf 88' lang='lat' dir='ltr'><strong>imponere</strong></span> <span class='ocrx_word' id='word_1_256' title='bbox 580 3610 711 3679; x_wconf 85' lang='lat' dir='ltr'><strong>studet.</strong></span> <span class='ocrx_word' id='word_1_257' title='bbox 728 3612 884 3695; x_wconf 82' lang='lat' dir='ltr'><strong>Quidam</strong></span> <span class='ocrx_word' id='word_1_258' title='bbox 905 3613 1003 3678; x_wconf 87' lang='lat' dir='ltr'><strong>enim</strong></span> <span class='ocrx_word' id='word_1_259' title='bbox 1018 3611 1066 3678; x_wconf 82' lang='lat' dir='ltr'><strong>ad</strong></span> <span class='ocrx_word' id='word_1_260' title='bbox 1085 3608 1196 3677; x_wconf 80' lang='lat' dir='ltr'><strong>fidem</strong></span> <span class='ocrx_word' id='word_1_261' title='bbox 1212 3601 1354 3674; x_wconf 90' lang='lat' dir='ltr'><strong>noviter</strong></span> <span class='ocrx_word' id='word_1_262' title='bbox 1377 3603 1540 3676; x_wconf 84' lang='lat' dir='ltr'><strong>conversi</strong></span> <span class='ocrx_word' id='word_1_263' title='bbox 1557 3600 1721 3683; x_wconf 82' lang='lat' dir='ltr'><strong>Judaeiet</strong></span> <span class='ocrx_word' id='word_1_264' title='bbox 1737 3628 1838 3677; x_wconf 90' lang='lat' dir='ltr'><strong>non-</strong></span> 
     </span>
     <span class='ocr_line' id='line_1_27' title="bbox 244 3719 1839 3821; baseline 0.003 -29"><span class='ocrx_word' id='word_1_265' title='bbox 244 3719 332 3793; x_wconf 91' lang='lat' dir='ltr'><strong>dum</strong></span> <span class='ocrx_word' id='word_1_266' title='bbox 352 3720 398 3795; x_wconf 91' lang='lat' dir='ltr'><strong>de</strong></span> <span class='ocrx_word' id='word_1_267' title='bbox 418 3723 582 3798; x_wconf 88' lang='lat' dir='ltr'><strong>libertate</strong></span> <span class='ocrx_word' id='word_1_268' title='bbox 598 3725 805 3800; x_wconf 78' lang='lat' dir='ltr'><strong>Christianae</strong></span> <span class='ocrx_word' id='word_1_269' title='bbox 821 3725 906 3807; x_wconf 77' lang='lat' dir='ltr'><strong>fidei</strong></span> <span class='ocrx_word' id='word_1_270' title='bbox 923 3725 1007 3798; x_wconf 89' lang='lat' dir='ltr'><strong>satis</strong></span> <span class='ocrx_word' id='word_1_271' title='bbox 1022 3724 1207 3817; x_wconf 82' lang='lat' dir='ltr'><strong>instructi,</strong></span> <span class='ocrx_word' id='word_1_272' title='bbox 1228 3720 1539 3821; x_wconf 80' lang='lat' dir='ltr'><strong>putabantadhuc</strong></span> <span class='ocrx_word' id='word_1_273' title='bbox 1554 3722 1662 3795; x_wconf 87' lang='lat' dir='ltr'><strong>etiam</strong></span> <span class='ocrx_word' id='word_1_274' title='bbox 1678 3724 1839 3799; x_wconf 85' lang='lat' dir='ltr'><strong>carnales</strong></span> 
     </span>
     <span class='ocr_line' id='line_1_28' title="bbox 243 3841 1839 3945; baseline 0.003 -32"><span class='ocrx_word' id='word_1_275' title='bbox 243 3841 487 3918; x_wconf 76' lang='lat' dir='ltr'><strong>observantias</strong></span> <span class='ocrx_word' id='word_1_276' title='bbox 501 3844 589 3944; x_wconf 85' lang='lat' dir='ltr'><strong>legis</strong></span> <span class='ocrx_word' id='word_1_277' title='bbox 607 3846 812 3920; x_wconf 88' lang='lat' dir='ltr'><strong>retinendas</strong></span> <span class='ocrx_word' id='word_1_278' title='bbox 834 3871 923 3937; x_wconf 89' lang='lat' dir='ltr'><strong>esse,</strong></span> <span class='ocrx_word' id='word_1_279' title='bbox 949 3860 984 3918; x_wconf 91' lang='lat' dir='ltr'><strong>et</strong></span> <span class='ocrx_word' id='word_1_280' title='bbox 1002 3845 1181 3945; x_wconf 82' lang='lat' dir='ltr'><strong>praecipue</strong></span> <span class='ocrx_word' id='word_1_281' title='bbox 1196 3868 1217 3915; x_wconf 87' lang='lat' dir='ltr'><strong>a</strong></span> <span class='ocrx_word' id='word_1_282' title='bbox 1238 3866 1345 3927; x_wconf 76' lang='lat' dir='ltr'><strong>carne</strong></span> <span class='ocrx_word' id='word_1_283' title='bbox 1366 3842 1530 3941; x_wconf 88' lang='lat' dir='ltr'><strong>porcina,</strong></span> <span class='ocrx_word' id='word_1_284' title='bbox 1549 3857 1584 3916; x_wconf 91' lang='lat' dir='ltr'><strong>et</strong></span> <span class='ocrx_word' id='word_1_285' title='bbox 1599 3843 1839 3927; x_wconf 77' lang='lat' dir='ltr'><strong>caeteriscibis</strong></span> 
     </span>
     <span class='ocr_line' id='line_1_29' title="bbox 246 3960 1839 4064; baseline 0.001 -30"><span class='ocrx_word' id='word_1_286' title='bbox 246 3987 341 4061; x_wconf 85' lang='lat' dir='ltr'><strong>quos</strong></span> <span class='ocrx_word' id='word_1_287' title='bbox 370 3960 426 4036; x_wconf 84' lang='lat' dir='ltr'><strong>lex</strong></span> <span class='ocrx_word' id='word_1_288' title='bbox 455 3965 659 4054; x_wconf 81' lang='lat' dir='ltr'><strong>interdixit,</strong></span> <span class='ocrx_word' id='word_1_289' title='bbox 689 3965 817 4039; x_wconf 81' lang='lat' dir='ltr'><strong>nohis²</strong></span> <span class='ocrx_word' id='word_1_290' title='bbox 842 3991 988 4064; x_wconf 92' lang='lat' dir='ltr'><strong>quoque</strong></span> <span class='ocrx_word' id='word_1_291' title='bbox 1017 3961 1272 4043; x_wconf 87' lang='lat' dir='ltr'><strong>abstinendum</strong></span> <span class='ocrx_word' id='word_1_292' title='bbox 1304 3986 1392 4056; x_wconf 89' lang='lat' dir='ltr'><strong>esse,</strong></span> <span class='ocrx_word' id='word_1_293' title='bbox 1412 3987 1467 4043; x_wconf 71' lang='lat' dir='ltr'><strong>,eo</strong></span> <span class='ocrx_word' id='word_1_294' title='bbox 1495 3963 1649 4045; x_wconf 84' lang='lat' dir='ltr'><strong>maxime</strong></span> <span class='ocrx_word' id='word_1_295' title='bbox 1683 3963 1839 4048; x_wconf 82' lang='lat' dir='ltr'><strong>fortassis</strong></span> 
     </span>
     <span class='ocr_line' id='line_1_30' title="bbox 245 4081 1837 4184; baseline 0.001 -30"><span class='ocrx_word' id='word_1_296' title='bbox 245 4083 345 4179; x_wconf 93' lang='lat' dir='ltr'><strong>quod</strong></span> <span class='ocrx_word' id='word_1_297' title='bbox 361 4083 543 4183; x_wconf 90' lang='lat' dir='ltr'><strong>quidquid</strong></span> <span class='ocrx_word' id='word_1_298' title='bbox 564 4085 786 4159; x_wconf 81' lang='lat' dir='ltr'><strong>abstinentiae</strong></span> <span class='ocrx_word' id='word_1_299' title='bbox 803 4111 879 4159; x_wconf 89' lang='lat' dir='ltr'><strong>esse</strong></span> <span class='ocrx_word' id='word_1_300' title='bbox 894 4086 1050 4172; x_wconf 80' lang='lat' dir='ltr'><strong>videtur,</strong></span> <span class='ocrx_word' id='word_1_301' title='bbox 1074 4083 1198 4154; x_wconf 84' lang='lat' dir='ltr'><strong>virtuti</strong></span> <span class='ocrx_word' id='word_1_302' title='bbox 1224 4081 1429 4181; x_wconf 88' lang='lat' dir='ltr'><strong>deputatur.</strong></span> <span class='ocrx_word' id='word_1_303' title='bbox 1453 4083 1552 4155; x_wconf 86' lang='lat' dir='ltr'><strong>Sicut</strong></span> <span class='ocrx_word' id='word_1_304' title='bbox 1572 4107 1659 4179; x_wconf 85' lang='lat' dir='ltr'><strong>ergo</strong></span> <span class='ocrx_word' id='word_1_305' title='bbox 1675 4086 1837 4184; x_wconf 81' lang='lat' dir='ltr'><strong>superius</strong></span> 
     </span>
     <span class='ocr_line' id='line_1_31' title="bbox 241 4201 1836 4303; baseline 0.001 -30"><span class='ocrx_word' id='word_1_306' title='bbox 241 4203 441 4301; x_wconf 83' lang='lat' dir='ltr'><strong>superfluas</strong></span> <span class='ocrx_word' id='word_1_307' title='bbox 469 4207 786 4280; x_wconf 89' lang='lat' dir='ltr'><strong>commessationes</strong></span> <span class='ocrx_word' id='word_1_308' title='bbox 815 4205 1010 4292; x_wconf 84' lang='lat' dir='ltr'><strong>interdixit,</strong></span> <span class='ocrx_word' id='word_1_309' title='bbox 1040 4203 1100 4283; x_wconf 91' lang='lat' dir='ltr'><strong>hic</strong></span> <span class='ocrx_word' id='word_1_310' title='bbox 1128 4203 1179 4275; x_wconf 88' lang='lat' dir='ltr'><strong>ita</strong></span> <span class='ocrx_word' id='word_1_311' title='bbox 1202 4201 1393 4303; x_wconf 90' lang='lat' dir='ltr'><strong>superfluis</strong></span> <span class='ocrx_word' id='word_1_312' title='bbox 1418 4201 1642 4279; x_wconf 90' lang='lat' dir='ltr'><strong>abstinentiis</strong></span> <span class='ocrx_word' id='word_1_313' title='bbox 1659 4205 1836 4295; x_wconf 83' lang='lat' dir='ltr'><strong>consulit,</strong></span> 
     </span>
     <span class='ocr_line' id='line_1_32' title="bbox 243 4319 1838 4422; baseline 0.001 -29"><span class='ocrx_word' id='word_1_314' title='bbox 243 4345 290 4394; x_wconf 89' lang='lat' dir='ltr'><strong>ne</strong></span> <span class='ocrx_word' id='word_1_315' title='bbox 306 4347 372 4422; x_wconf 92' lang='lat' dir='ltr'><strong>per</strong></span> <span class='ocrx_word' id='word_1_316' title='bbox 383 4323 492 4419; x_wconf 91' lang='lat' dir='ltr'><strong>hujus</strong></span> <span class='ocrx_word' id='word_1_317' title='bbox 510 4326 751 4398; x_wconf 90' lang='lat' dir='ltr'><strong>contentionis</strong></span> <span class='ocrx_word' id='word_1_318' title='bbox 765 4326 1024 4398; x_wconf 87' lang='lat' dir='ltr'><strong>dissensionem</strong></span> <span class='ocrx_word' id='word_1_319' title='bbox 1040 4320 1184 4399; x_wconf 86' lang='lat' dir='ltr'><strong>infirma</strong></span> <span class='ocrx_word' id='word_1_320' title='bbox 1200 4320 1334 4411; x_wconf 90' lang='lat' dir='ltr'><strong>adhuc,</strong></span> <span class='ocrx_word' id='word_1_321' title='bbox 1349 4319 1386 4393; x_wconf 92' lang='lat' dir='ltr'><strong>id</strong></span> <span class='ocrx_word' id='word_1_322' title='bbox 1402 4335 1455 4393; x_wconf 91' lang='lat' dir='ltr'><strong>est</strong></span> <span class='ocrx_word' id='word_1_323' title='bbox 1472 4320 1838 4422; x_wconf 79' lang='lat' dir='ltr'><strong>imperfectalndaso·</strong></span> 
     </span>
     <span class='ocr_line' id='line_1_33' title="bbox 244 4438 1840 4533; baseline 0.001 -22"><span class='ocrx_word' id='word_1_324' title='bbox 244 4465 325 4513; x_wconf 90' lang='lat' dir='ltr'><strong>rum</strong></span> <span class='ocrx_word' id='word_1_325' title='bbox 350 4466 610 4518; x_wconf 85' lang='lat' dir='ltr'><strong>conversorum</strong></span> <span class='ocrx_word' id='word_1_326' title='bbox 633 4470 655 4519; x_wconf 92' lang='lat' dir='ltr'><strong>a</strong></span> <span class='ocrx_word' id='word_1_327' title='bbox 679 4450 756 4518; x_wconf 90' lang='lat' dir='ltr'><strong>Deo</strong></span> <span class='ocrx_word' id='word_1_328' title='bbox 779 4444 1047 4533; x_wconf 86' lang='lat' dir='ltr'><strong>scandalizaret,</strong></span> <span class='ocrx_word' id='word_1_329' title='bbox 1070 4455 1116 4521; x_wconf 66' lang='lat' dir='ltr'><strong>‚ut</strong></span> <span class='ocrx_word' id='word_1_330' title='bbox 1143 4439 1190 4513; x_wconf 84' lang='lat' dir='ltr'><strong>ad</strong></span> <span class='ocrx_word' id='word_1_331' title='bbox 1214 4438 1439 4519; x_wconf 80' lang='lat' dir='ltr'><strong>ludaismum</strong></span> <span class='ocrx_word' id='word_1_332' title='bbox 1464 4441 1635 4532; x_wconf 79' lang='lat' dir='ltr'><strong>redirent,</strong></span> <span class='ocrx_word' id='word_1_333' title='bbox 1660 4440 1690 4513; x_wconf 90' lang='lat' dir='ltr'><strong>si</strong></span> <span class='ocrx_word' id='word_1_334' title='bbox 1714 4439 1840 4523; x_wconf 89' lang='lat' dir='ltr'><strong>abhis</strong></span> 
     </span>
     <span class='ocr_line' id='line_1_34' title="bbox 243 4560 1839 4661; baseline 0.003 -29"><span class='ocrx_word' id='word_1_335' title='bbox 243 4561 375 4634; x_wconf 86' lang='lat' dir='ltr'><strong>scilicet</strong></span> <span class='ocrx_word' id='word_1_336' title='bbox 404 4564 703 4638; x_wconf 85' lang='lat' dir='ltr'><strong>interdicerentur</strong></span> <span class='ocrx_word' id='word_1_337' title='bbox 729 4565 968 4654; x_wconf 89' lang='lat' dir='ltr'><strong>abstinentiis,</strong></span> <span class='ocrx_word' id='word_1_338' title='bbox 997 4587 1087 4661; x_wconf 89' lang='lat' dir='ltr'><strong>quas</strong></span> <span class='ocrx_word' id='word_1_339' title='bbox 1110 4562 1168 4633; x_wconf 89' lang='lat' dir='ltr'><strong>lex</strong></span> <span class='ocrx_word' id='word_1_340' title='bbox 1191 4574 1296 4633; x_wconf 88' lang='lat' dir='ltr'><strong>antea</strong></span> <span class='ocrx_word' id='word_1_341' title='bbox 1323 4574 1500 4653; x_wconf 89' lang='lat' dir='ltr'><strong>sanxerat,</strong></span> <span class='ocrx_word' id='word_1_342' title='bbox 1524 4560 1637 4632; x_wconf 92' lang='lat' dir='ltr'><strong>immo</strong></span> <span class='ocrx_word' id='word_1_343' title='bbox 1659 4561 1737 4660; x_wconf 89' lang='lat' dir='ltr'><strong>ipse</strong></span> <span class='ocrx_word' id='word_1_344' title='bbox 1765 4565 1839 4637; x_wconf 87' lang='lat' dir='ltr'><strong>Do·</strong></span> 
     </span>
     <span class='ocr_line' id='line_1_35' title="bbox 243 4677 1838 4782; baseline 0.005 -30"><span class='ocrx_word' id='word_1_345' title='bbox 243 4681 363 4753; x_wconf 89' lang='lat' dir='ltr'><strong>minus</strong></span> <span class='ocrx_word' id='word_1_346' title='bbox 383 4706 448 4781; x_wconf 91' lang='lat' dir='ltr'><strong>per</strong></span> <span class='ocrx_word' id='word_1_347' title='bbox 471 4682 608 4782; x_wconf 81' lang='lat' dir='ltr'><strong>legem3</strong></span> <span class='ocrx_word' id='word_1_348' title='bbox 628 4684 727 4757; x_wconf 93' lang='lat' dir='ltr'><strong>unde</strong></span> <span class='ocrx_word' id='word_1_349' title='bbox 750 4683 806 4755; x_wconf 88' lang='lat' dir='ltr'><strong>his</strong></span> <span class='ocrx_word' id='word_1_350' title='bbox 825 4685 888 4782; x_wconf 90' lang='lat' dir='ltr'><strong>qui</strong></span> <span class='ocrx_word' id='word_1_351' title='bbox 909 4686 1002 4758; x_wconf 87' lang='lat' dir='ltr'><strong>inter</strong></span> <span class='ocrx_word' id='word_1_352' title='bbox 1023 4685 1205 4761; x_wconf 73' lang='lat' dir='ltr'><strong>Romanos</strong></span> <span class='ocrx_word' id='word_1_353' title='bbox 1220 4678 1385 4778; x_wconf 74' lang='lat' dir='ltr'><strong>persectae</strong></span> <span class='ocrx_word' id='word_1_354' title='bbox 1402 4677 1486 4763; x_wconf 79' lang='lat' dir='ltr'><strong>fidei</strong></span> <span class='ocrx_word' id='word_1_355' title='bbox 1504 4679 1560 4752; x_wconf 86' lang='lat' dir='ltr'><strong>rel</strong></span> <span class='ocrx_word' id='word_1_356' title='bbox 1581 4680 1754 4759; x_wconf 87' lang='lat' dir='ltr'><strong>doctrinae</strong></span> <span class='ocrx_word' id='word_1_357' title='bbox 1762 4681 1838 4777; x_wconf 75' lang='lat' dir='ltr'><strong>jam</strong></span> 
     </span>
    </p>
   </div>
   <div class='ocr_carea' id='block_1_3' title="bbox 243 4797 1837 5013">
    <p class='ocr_par' dir='ltr' id='par_1_4' title="bbox 243 4797 1837 5013">
     <span class='ocr_line' id='line_1_36' title="bbox 243 4797 1835 4902; baseline 0.001 -31"><span class='ocrx_word' id='word_1_358' title='bbox 243 4814 358 4890; x_wconf 84' lang='lat' dir='ltr'><strong>erant,</strong></span> <span class='ocrx_word' id='word_1_359' title='bbox 378 4801 533 4875; x_wconf 89' lang='lat' dir='ltr'><strong>consulit</strong></span> <span class='ocrx_word' id='word_1_360' title='bbox 540 4803 747 4902; x_wconf 73' lang='lat' dir='ltr'><strong>¹Apostolus,</strong></span> <span class='ocrx_word' id='word_1_361' title='bbox 767 4818 808 4876; x_wconf 89' lang='lat' dir='ltr'><strong>ut</strong></span> <span class='ocrx_word' id='word_1_362' title='bbox 822 4835 852 4875; x_wconf 74' lang='lat' dir='ltr'><strong>..r</strong></span> <span class='ocrx_word' id='word_1_363' title='bbox 868 4802 949 4899; x_wconf 89' lang='lat' dir='ltr'><strong>quis</strong></span> <span class='ocrx_word' id='word_1_364' title='bbox 967 4800 1013 4874; x_wconf 93' lang='lat' dir='ltr'><strong>de</strong></span> <span class='ocrx_word' id='word_1_365' title='bbox 1028 4800 1171 4877; x_wconf 87' lang='lat' dir='ltr'><strong>noviter</strong></span> <span class='ocrx_word' id='word_1_366' title='bbox 1187 4798 1369 4872; x_wconf 84' lang='lat' dir='ltr'><strong>conversis</strong></span> <span class='ocrx_word' id='word_1_367' title='bbox 1385 4797 1514 4870; x_wconf 80' lang='lat' dir='ltr'><strong>ludaeis</strong></span> <span class='ocrx_word' id='word_1_368' title='bbox 1525 4798 1645 4872; x_wconf 89' lang='lat' dir='ltr'><strong>adhuc</strong></span> <span class='ocrx_word' id='word_1_369' title='bbox 1658 4799 1835 4890; x_wconf 81' lang='lat' dir='ltr'><strong>infirmus,</strong></span> 
     </span>
     <span class='ocr_line' id='line_1_37' title="bbox 245 4908 1837 5013; baseline 0.001 -32"><span class='ocrx_word' id='word_1_370' title='bbox 245 4910 284 4983; x_wconf 94' lang='lat' dir='ltr'><strong>id</strong></span> <span class='ocrx_word' id='word_1_371' title='bbox 305 4925 359 4985; x_wconf 90' lang='lat' dir='ltr'><strong>est</strong></span> <span class='ocrx_word' id='word_1_372' title='bbox 376 4912 605 5013; x_wconf 86' lang='lat' dir='ltr'><strong>imperfectus</strong></span> <span class='ocrx_word' id='word_1_373' title='bbox 629 4915 668 4987; x_wconf 90' lang='lat' dir='ltr'><strong>iu</strong></span> <span class='ocrx_word' id='word_1_374' title='bbox 693 4914 764 4987; x_wconf 86' lang='lat' dir='ltr'><strong>fide</strong></span> <span class='ocrx_word' id='word_1_375' title='bbox 787 4915 844 5009; x_wconf 89' lang='lat' dir='ltr'><strong>sit,</strong></span> <span class='ocrx_word' id='word_1_376' title='bbox 864 4912 1031 4986; x_wconf 92' lang='lat' dir='ltr'><strong>nondum</strong></span> <span class='ocrx_word' id='word_1_377' title='bbox 1056 4909 1112 4983; x_wconf 87' lang='lat' dir='ltr'><strong>vel</strong></span> <span class='ocrx_word' id='word_1_378' title='bbox 1135 4909 1285 4982; x_wconf 88' lang='lat' dir='ltr'><strong>credens</strong></span> <span class='ocrx_word' id='word_1_379' title='bbox 1299 4908 1480 4981; x_wconf 88' lang='lat' dir='ltr'><strong>Christum</strong></span> <span class='ocrx_word' id='word_1_380' title='bbox 1504 4933 1566 4982; x_wconf 87' lang='lat' dir='ltr'><strong>seu</strong></span> <span class='ocrx_word' id='word_1_381' title='bbox 1590 4910 1837 5010; x_wconf 82' lang='lat' dir='ltr'><strong>Evangelicam</strong></span> 
     </span>
    </p>
   </div>
   <div class='ocr_carea' id='block_1_4' title="bbox 277 5180 934 5334">
    <p class='ocr_par' dir='ltr' id='par_1_5' title="bbox 277 5180 934 5334">
     <span class='ocr_line' id='line_1_38' title="bbox 277 5180 934 5251; baseline 0 -19"><span class='ocrx_word' id='word_1_382' title='bbox 277 5185 283 5213; x_wconf 84' lang='lat'>¹</span> <span class='ocrx_word' id='word_1_383' title='bbox 297 5180 307 5231; x_wconf 89' lang='grc'>1</span> <span class='ocrx_word' id='word_1_384' title='bbox 322 5183 451 5248; x_wconf 70' lang='lat' dir='ltr'><strong>curtata„</strong></span> <span class='ocrx_word' id='word_1_385' title='bbox 468 5199 522 5251; x_wconf 79' lang='lat' dir='ltr'><strong>rap.</strong></span> <span class='ocrx_word' id='word_1_386' title='bbox 536 5199 554 5251; x_wconf 86' lang='lat'><strong>1,</strong></span> <span class='ocrx_word' id='word_1_387' title='bbox 573 5200 596 5240; x_wconf 85' lang='lat' dir='ltr'><strong>r.</strong></span> <span class='ocrx_word' id='word_1_388' title='bbox 608 5188 648 5238; x_wconf 75' lang='lat' dir='ltr'><strong>tt).</strong></span> <span class='ocrx_word' id='word_1_389' title='bbox 662 5188 710 5225; x_wconf 84' lang='lat'><strong>-¹</strong></span> <span class='ocrx_word' id='word_1_390' title='bbox 721 5186 792 5238; x_wconf 71' lang='lat' dir='ltr'><strong>amb.</strong></span> <span class='ocrx_word' id='word_1_391' title='bbox 804 5186 934 5238; x_wconf 77' lang='lat' dir='ltr'><strong>Nostrum.</strong></span> 
     </span>
     <span class='ocr_line' id='line_1_39' title="bbox 364 5295 389 5334; baseline 0 0"><span class='ocrx_word' id='word_1_392' title='bbox 364 5295 389 5334; x_wconf 86' lang='lat' dir='ltr'><strong>n</strong></span> 
     </span>
    </p>
   </div>
   <div class='ocr_carea' id='block_1_5' title="bbox 0 0 2288 6100">
    <p class='ocr_par' dir='ltr' id='par_1_6' title="bbox 0 0 2288 6100">
     <span class='ocr_line' id='line_1_40' title="bbox 0 0 2288 6100; baseline 0 0"><span class='ocrx_word' id='word_1_393' title='bbox 0 0 2288 6100; x_wconf 95' lang='lat' dir='ltr'><strong> </strong></span> 
     </span>
    </p>
   </div>
  </div>
 </body>
</html>
