4559 6100
678 474 723 548 ΙΝ
746 470 996 547 Erlstntttt
1020 470 1081 543 AD
1105 470 1332 544 nouimus.
1729 466 1802 541 tta

205 638 240 698 et
257 622 442 707 instabiles
458 623 668 724 depravant,
688 625 780 698 sicut
794 637 831 697 et
848 637 993 697 ceteras
1009 623 1215 721 scripturos,
1235 619 1283 694 ad
1300 643 1403 693 suam
1419 621 1581 718 ipsorum
1598 618 1802 693 damnatio·

206 770 304 821 nem.
324 773 342 814 u
361 749 480 835 Quam
497 744 645 845 quidem
661 742 927 834 difficultatem,
938 767 980 815 ex
999 742 1109 816 nimia
1124 740 1319 814 subtilitate
1333 737 1516 813 rationum
1529 736 1798 839 procedentem,

167 917 175 935 ,
207 880 244 940 et
258 865 457 965 prolessiet
473 866 577 941 ueriti
592 880 677 940 sunt
692 864 861 940 doctores
879 864 1005 939 sancti.
1021 862 1126 936 Unde
1142 878 1179 937 et
1195 860 1402 935 Ambrosium
1422 863 1461 933 in
1478 860 1629 959 epistola
1643 859 1803 957 quadam

206 1009 287 1084 quae
301 986 354 1061 sic
367 987 515 1085 incipit:
538 1016 556 1055 e
572 987 648 1059 Etsi
663 986 774 1059 sciam
786 982 887 1085 quod
901 983 992 1057 nibil
1008 981 1189 1061 difficilius
1204 984 1267 1074 sit,
1287 980 1458 1081 quamde
1472 979 1632 1079 Apostoli
1649 980 1803 1053 lectione

205 1104 393 1198 disserere,
407 1131 493 1181 cum
509 1105 585 1205 ipse
601 1106 777 1205 Origenes
787 1104 896 1205 louge
917 1106 1038 1179 minor
1052 1104 1099 1177 sit
1119 1104 1158 1178 in
1174 1124 1274 1177 novo
1288 1127 1399 1202 quam
1414 1104 1452 1175 in
1468 1101 1579 1174 veteri
1595 1105 1802 1174 Testamen-

206 1239 259 1318 to,
277 1241 347 1303 etc·
362 1255 381 1296 u
397 1228 627 1324 Augustinus,
644 1229 949 1300 &tractationum
962 1224 1027 1299 lib.
1045 1229 1079 1301 l¹
1096 1252 1105 1296 ε
1120 1254 1141 1294 wo
1160 1224 1329 1324 Epistolae
1343 1222 1392 1297 ad
1407 1226 1591 1301 Romanos
1608 1221 1807 1321 expositio·¹

206 1370 291 1419 nem
307 1347 585 1440 inchoaveram
602 1344 667 1423 sed
683 1347 793 1444 hujus
815 1348 953 1448 operis,
973 1343 1270 1446 sipersrceretur,
1286 1343 1408 1444 plures
1432 1342 1515 1415 libri
1540 1354 1658 1440 essent
1680 1341 1801 1417 sutori.

206 1469 374 1556 Quorum
389 1488 505 1543 unum
521 1464 642 1542 solum
658 1467 696 1541 in
712 1466 789 1540 sola
799 1467 1042 1566 disputatione
1056 1466 1280 1540 salutationis
1287 1463 1452 1567 'absolvi3
1480 1462 1544 1536 sed
1564 1461 1696 1539 deinde
1721 1482 1806 1533 ces·

206 1583 301 1679 sevi,
318 1587 432 1684 ipsius
449 1586 697 1687 magnitudine
712 1609 755 1661 ac
770 1587 896 1662 labore
912 1587 1116 1662 deterritus.
1135 1614 1154 1653 s
1171 1589 1215 1658 Et
1234 1584 1361 1659 beatus
1376 1586 1617 1681 Hieronymus
1633 1581 1686 1653 od
1699 1584 1806 1654 Paos·

206 1695 406 1781 mutum:
423 1735 442 1776 n
456 1706 650 1799 Paulum»
667 1707 797 1806 inquit,
811 1735 830 1777 o
846 1707 1052 1807 apostolum
1065 1708 1364 1805 quotiescumque
1375 1706 1470 1802 lego,
1481 1704 1609 1777 videor
1624 1726 1700 1775 non
1716 1700 1807 1774 mibi

205 1822 318 1899 verba
326 1823 473 1914 audire,
487 1826 733 1929 sedtonitrua.
751 1856 770 1894 u
787 1824 887 1900 ldem
901 1825 953 1898 ad
965 1826 1182 1900 Paulinum:
1202 1827 1370 1901 «Paulus
1381 1824 1597 1901 novissimus
1609 1824 1648 1896 iu
1662 1821 1804 1913 ordine,

205 1945 344 2043 primus
358 1946 396 2021 in
415 1946 551 2019 meritis
566 1959 637 2038 est,
648 1948 736 2045 quia
749 1945 833 2047 plns
843 1946 1015 2041 omnibus
1025 1945 1215 2025 laboravit.
1231 1977 1250 2014 u
1263 1946 1363 2023 ldem
1385 1945 1437 2019 od
1454 1944 1707 2019 Eustochium.-
1722 1972 1740 2012 u
1755 1944 1808 2015 De

204 2063 416 2162 virginibus,
430 2093 447 2133 u
465 2066 584 2163 inquit
599 2068 803 2165 Apostohrs,
817 2098 838 2135 e
852 2062 1072 2168 preceptum
1087 2068 1237 2143 Domini
1251 2090 1327 2141 non
1343 2066 1475 2145 heheu.
1495 2065 1604 2154 Quod
1625 2077 1661 2138 et
1676 2065 1753 2163 ipse
1768 2075 1809 2134 ut

203 2202 298 2258 esset
312 2187 413 2284 virgo
430 2210 506 2261 non
519 2186 587 2261 tuit
600 2188 763 2289 imperii,
783 2188 847 2263 sed
861 2189 1240 2289 proprievuluutatis.
1259 2174 1383 2287 Neque
1399 2188 1497 2261 enim
1514 2184 1685 2260 audiendi
1699 2190 1805 2273 sunt,

201 2305 341 2401 inquit,
358 2306 524 2404 quicum
549 2331 701 2380 uxorem
716 2306 886 2382 habuisse
901 2308 1139 2407 confingunt,
1157 2334 1243 2383 cum
1260 2309 1416 2382 suadens
1431 2318 1644 2407 perpetuam
1661 2306 1810 2378 οαεῐίῑεό

201 2438 279 2499 tem
295 2424 472 2503 intulerit:
488 2452 506 2494 «
517 2426 611 2499 Volo
627 2442 751 2499 autem
766 2450 894 2503 omnes
906 2453 983 2505 esse
998 2430 1090 2503 sicin
1107 2429 1299 2529 meipsum.
1311 2456 1330 2496 u
1343 2432 1508 2516 Quantus
1520 2440 1641 2498 autem
1660 2436 1697 2495 et
1710 2421 1808 2521 apud

201 2543 443 2643 philosophos
467 2543 612 2619 habitus
631 2546 698 2639 eit,
717 2547 780 2644 qui
804 2548 881 2644 ejus
897 2550 954 2622 vel
970 2548 1262 2648 predicationem
1280 2546 1498 2640 audierunt,
1516 2544 1574 2617 vel
1599 2542 1730 2641 scripta
1757 2542 1809 2613 vi·

198 2663 361 2753 derunt,
382 2664 531 2761 insignis
547 2663 608 2738 ille
626 2679 700 2743 tam
722 2665 930 2764 eloquentia
947 2692 1058 2767 quem
1074 2668 1239 2743 moribus
1252 2671 1387 2742 Seneca
1404 2668 1442 2739 in
1465 2664 1644 2765 epistolis,
1659 2686 1749 2761 ques
1762 2662 1809 2734 ed

195 2807 290 2859 eum
306 2784 444 2882 dirigit,
463 2784 521 2859 his
536 2785 655 2859 verbis
672 2800 890 2886 protestatus
906 2801 982 2861 est:
1000 2818 1019 2858 n
1037 2789 1174 2863 Libello
1188 2803 1252 2864 tuo
1267 2791 1362 2864 lecto
1371 2840 1382 2876 ‚
1398 2788 1446 2861 de
1461 2786 1625 2887 plurimis
1640 2785 1687 2859 ad
1703 2808 1810 2883 quos·

193 2903 290 2977 dam
314 2904 461 2992 litteris,
481 2905 642 3004 qnasad
667 2906 827 3006 aliquam
856 2908 1036 2983 civitatem
1061 2934 1124 2984 seu
1149 2924 1259 3010 caput
1287 2909 1481 3010 provincie
1506 2906 1688 3000 direxisti,
1720 2904 1811 2977 mira
1869 2984 1875 2991 ,

192 3023 458 3102 exhortatione
471 3027 582 3100 vitam
611 3029 802 3102 mortalem
822 3042 1098 3104 contemnentes
1116 3054 1377 3130 usquequaque
1401 3013 1523 3104 refecti
1547 3050 1684 3101 sumus.
1708 3029 1809 3114 Quos

186 3167 331 3220 sensus
356 3169 433 3222 non
457 3160 548 3244 puto
566 3171 612 3224 es
628 3162 665 3222 te
681 3148 817 3236 dictos,
840 3149 905 3222 sed
921 3171 987 3250 per
1002 3163 1059 3223 tes
1078 3165 1177 3228 certe
1202 3148 1400 3250 aliquando
1424 3164 1462 3222 et
1486 3173 1529 3222 ex
1551 3162 1605 3238 te,
1621 3160 1657 3220 et
1677 3160 1807 3245 perte.
1869 3143 1875 3149 ’

182 3266 316 3336 Tanta
342 3265 475 3344 etenim
502 3267 667 3368 inqiesuas
690 3271 817 3348 eurum
833 3292 955 3341 rurum
973 3281 1044 3360 est,
1064 3283 1236 3369 tantaque
1252 3270 1488 3365 generositate
1503 3268 1661 3354 clarent,
1687 3279 1728 3336 ut
1749 3264 1809 3335 vix

178 3382 433 3464 confecturas
447 3399 537 3484 puto
550 3400 672 3460 oemtes
685 3387 879 3459 bominum
891 3386 1024 3484 quibus
1042 3388 1210 3464 illustrari
1226 3387 1423 3487 perficique
1436 3385 1588 3484 possint.
1608 3414 1626 3451 u
1648 3382 1809 3454 Meminit

177 3514 220 3573 et
244 3501 503 3600 Hieronymus
530 3505 639 3603 hujus
661 3504 778 3580 laudis
802 3508 946 3580 Seueooe
970 3529 1053 3603 erga
1075 3507 1228 3580 Paulum
1249 3507 1287 3578 in
1305 3505 1401 3578 libro
1416 3503 1467 3573 ⁴de
1476 3498 1686 3574 ultusultus
1700 3501 1805 3592 viris,

174 3645 277 3721 cap.
305 3644 349 3713 n,
365 3621 417 3698 ita
430 3623 615 3702 scribens:
637 3655 656 3693 u
674 3626 806 3698 Lucius
822 3629 975 3698 Auuaeus
990 3627 1126 3700 Seneca
1138 3624 1395 3713 Cordubensis,
1413 3622 1557 3695 Pothini
1573 3622 1685 3725 Stoici
1699 3618 1809 3692 disct-

165 3742 333 3839 pulun,
355 3755 393 3813 et
408 3757 558 3840 patruus
578 3745 713 3818 Lucani
726 3759 861 3845 poene,
879 3745 1196 3818 continentissime
1213 3746 1294 3818 vitae
1307 3743 1396 3816 fuit:
1414 3766 1524 3842 quem
1539 3766 1615 3814 uon
1633 3763 1809 3839 ponerem

165 3862 208 3936 in
229 3859 425 3956 catalogo
441 3862 675 3957 Sanctorum,
693 3863 764 3936 nisi
775 3887 835 3937 me
848 3864 1006 3963 epistole
1019 3865 1087 3937 ille
1101 3875 1361 3965 provocarent,
1380 3887 1461 3961 quae
1475 3862 1644 3959 leguntur
1656 3857 1811 3958 apostoli

160 3982 291 4060 Pauli
310 3978 368 4052 ad
375 3981 567 4076 Senecam,
578 3986 792 4058 autSeneoae
804 3983 853 4078 nel
865 3984 1030 4058 Paulum.
1047 3987 1089 4057 ln
1101 3983 1249 4083 quibus,
1264 3979 1450 4056 comesset
1462 3981 1615 4054 Neronis
1627 3979 1806 4074 magister,

156 4114 200 4175 et
227 4099 362 4174 illius
382 4102 556 4198 temporis
577 4103 866 4202 potentissimus,
882 4118 1009 4203 optare
1033 4127 1071 4176 se
1094 4102 1183 4176 dicit
1196 4117 1275 4174 'esse
1291 4102 1368 4199 ejus
1383 4100 1455 4173 loci
1472 4079 1570 4198 apud
1584 4122 1687 4189 suos,
1708 4097 1810 4194 quus

154 4220 206 4291 sit
226 4215 401 4292 Paulus
410 4218 510 4315 apud
524 4219 751 4297 christianos.
765 4222 908 4310 »Quod
922 4238 958 4296 et
973 4224 1004 4294 si
1017 4222 1238 4322 propheticus
1251 4205 1474 4294 auctoritatis
1488 4217 1633 4292 laudem
1650 4216 1811 4316 philoso-

151 4339 292 4437 phico
317 4335 511 4435 adjunges
520 4341 715 4438 praeconio,
725 4341 891 4428 invenies
900 4341 1007 4439 hujus
1020 4340 1182 4441 Apostoli
1194 4339 1438 4413 excellentiam
1453 4362 1563 4437 snpra
1575 4351 1721 4410 caeteros
1736 4350 1811 4410 tam

148 4459 273 4560 apud
287 4457 540 4562 patriarches
554 4484 668 4558 quam
680 4461 876 4561 propbetas
891 4462 1031 4559 insigne
1045 4459 1312 4560 sliquidlaudis
1323 4460 1523 4559 specialiter
1539 4457 1708 4558 adeptam
1719 4481 1808 4531 esse.
1921 4489 1924 4502 ⁴

145 4583 224 4654 Hic
244 4578 451 4679 quippe,
465 4579 561 4656 'siout
574 4581 730 4680 ipseait,
750 4580 796 4654 de
809 4579 907 4655 tribu
923 4580 1110 4679 Beniamin
1126 4579 1316 4654 exordium
1329 4579 1487 4673 ducens,
1506 4578 1566 4652 ille
1579 4579 1704 4665 est,in
1722 4592 1810 4674 typo

142 4701 274 4798 cujus
296 4714 403 4780 tam
419 4697 625 4796 patriarcha
637 4699 749 4775 Jacob
761 4724 872 4799 quarn
886 4700 1150 4802 prophetarum
1165 4713 1202 4773 et
1216 4723 1341 4799 regum
1361 4700 1537 4772 munimus
1548 4695 1678 4787 David,
1697 4691 1811 4768 exsul·

142 4835 287 4897 tentes
322 4820 599 4920 praecinerunt.
622 4820 735 4897 Jaooh
750 4822 900 4922 quidem
917 4824 968 4896 sic
989 4823 1059 4897 alt*
1073 4837 1125 4896 :u
1145 4823 1328 4920 Beniamin
1354 4822 1462 4921 lupus
1482 4843 1610 4919 rapax,
1627 4839 1734 4890 manc
1749 4837 1807 4886 re·

0 4960 1 5021 l

171 5103 275 5168 τῳ.
290 5107 387 5155 xxv,
405 5092 484 5158 opp..
498 5102 515 5143 ι.
530 5094 551 5156 1,
563 5096 611 5147 cot.
622 5099 662 5149 ts.
672 5098 720 5135 ,s
730 5097 832 5163 times,
845 5112 901 5164 cap.
912 5111 981 5161 xus.
994 5112 1017 5151 r.
1029 5103 1070 5152 tt.
