4559 6100
464 527 536 600 278
1066 523 1195 595 rnrttt
1222 525 1458 598 tssAELARttt

462 679 599 749 tionem
625 675 691 746 Dei
714 675 751 745 in
775 673 900 771 seipsis
916 673 1162 772 incorruptam
1184 688 1349 770 satagunt
1371 672 1566 760 custodire,
1586 697 1629 746 ac
1651 671 1848 745 reformare
1863 674 2055 771 imaginem

462 797 528 868 Dei
555 796 591 865 iu
610 818 682 890 qua
699 794 809 866 creati
826 806 922 881 sunt,
944 793 1099 890 peccatis
1116 818 1196 890 quae
1219 817 1299 866 eam
1317 791 1439 865 delent
1454 792 1510 863 vel
1526 792 1709 864 maculant
1732 806 1915 889 quantum
1939 793 2056 868 valent

463 913 676 986 resistendo.
705 917 747 983 Et
770 937 853 983 vere
881 911 976 983 hanc
1004 911 1263 984 revelationem
1289 924 1495 1009 exspectant
1520 910 1661 1000 fideles,
1690 911 1776 1007 quia
1802 927 1952 1009 propter
1976 936 2056 984 eam

463 1047 702 1105 contemnunt
721 1033 800 1103 vitae
818 1032 999 1130 praesentis
1015 1031 1223 1121 vanitatem,
1245 1046 1280 1103 et
1302 1030 1467 1103 nolentes
1481 1054 1562 1103 eam
1581 1031 1780 1122 sustinent3
1798 1031 2057 1129 concupientes

463 1154 571 1225 etiarn
588 1152 664 1247 jam
682 1152 800 1248 potius
818 1149 965 1222 dissolvi
983 1165 1019 1222 et
1041 1175 1117 1223 esse
1136 1175 1220 1223 curn
1244 1150 1399 1222 Christo.
1423 1155 1467 1222 Et
1486 1150 1559 1222 hoc
1575 1164 1630 1222 est
1650 1150 1751 1246 qnod
1768 1150 1817 1222 ait
1834 1177 1842 1219 ε
1861 1154 2058 1226 serentum

465 1274 540 1370 ipsa
562 1271 722 1367 subjecta
739 1284 793 1342 est
814 1271 955 1361 nolens,
979 1269 1054 1342 »id
1074 1271 1384 1344 esthancvanam
1409 1271 1522 1344 vitam
1540 1294 1621 1367 qute
1640 1284 1678 1341 et
1701 1269 1902 1342 transitoria
1926 1284 1993 1357 est,
2021 1285 2057 1341 et

464 1393 633 1464 erumnis
655 1391 784 1489 plena,
803 1391 954 1461 sustinet
971 1390 1094 1476 invita,
1117 1404 1295 1486 quantum
1315 1391 1352 1462 in
1375 1415 1414 1462 se
1431 1403 1497 1461 est.
1524 1388 1625 1460 «Sed
1641 1402 1789 1488 propter
1804 1412 1905 1478 eum,
1923 1387 2058 1462 scilicet

408 1519 421 1533 “
466 1534 545 1582 eam
570 1510 711 1600 tolerat,
735 1509 828 1605 «qui
847 1508 1000 1604 subjecit
1022 1533 1103 1580 earn
1122 1509 1160 1580 in
1185 1535 1248 1607 spe
1274 1508 1381 1600 illius,
1398 1540 1415 1574 »
1443 1509 1578 1580 scilicet
1602 1509 1727 1580 suturae
1750 1507 1993 1595 revelationis,
2021 1508 2057 1579 id

466 1644 518 1701 est
538 1630 576 1700 in
598 1628 667 1701 hac
684 1653 763 1700 eam
785 1627 978 1724 affligendo
1001 1628 1181 1716 humiliat,
1206 1643 1246 1699 ut
1272 1628 1385 1700 inille
1407 1653 1487 1724 quie
1503 1642 1670 1725 speratur
1684 1626 1826 1699 exaltet.
1845 1625 1957 1713 Quod
1974 1650 2058 1699 rein

465 1749 510 1820 sit
534 1773 617 1845 spes
640 1747 698 1822 illa
722 1763 904 1837 creature,
924 1747 960 1819 id
985 1763 1036 1818 est
1057 1745 1157 1844 quod
1174 1763 1317 1845 sperent
1336 1747 1395 1818 hic
1416 1746 1539 1819 afflicti
1557 1745 1693 1833 fideles,
1713 1747 1888 1842 supponit
1908 1745 2054 1818 dicens:

470 1868 591 1954 «Quia
615 1868 762 1964 etipsa,
784 1881 904 1954 etc.,»
927 1866 1036 1940 idest
1056 1865 1113 1937 hic
1136 1880 1282 1964 sperant
1305 1867 1368 1963 qui
1392 1865 1643 1938 liberabuntur
1666 1864 1718 1937 ibi
1741 1888 1761 1934 a
1782 1863 1870 1960 jugo
1888 1863 2060 1961 passibilis

467 2000 502 2057 et
522 1985 765 2084 corruptibilis
787 1988 924 2077 carnis,
949 2010 1023 2081 quo
1041 1986 1099 2054 hic
1118 1986 1375 2083 opprimuntur
1392 1985 1505 2056 inviti.
1530 1985 1745 2058 Libertatem
1767 1982 1855 2056 dicit
1875 1983 1970 2055 illius
1982 1984 2061 2059 ritae
2122 1983 2128 1994 x

470 2106 643 2200 gloriam,
674 2107 805 2202 inqua
833 2105 932 2177 nulla
958 2106 1024 2176 erit
1049 2105 1251 2202 oppressio,
1270 2130 1353 2178 cnm
1378 2129 1489 2178 nemo
1518 2104 1655 2202 aliquid
1686 2117 1814 2178 contra
1842 2102 2061 2174 voluntatem

469 2250 569 2297 suam
597 2224 801 2296 incurrerit.

521 2374 539 2412 κ
563 2345 703 2415 Scimus
719 2343 828 2415 euim.
848 2375 865 2410 »
885 2343 1050 2416 Ostendit
1067 2368 1132 2439 per
1152 2359 1271 2442 partes
1294 2359 1496 2417 creaturam
1512 2343 1573 2415 hic
1589 2343 1759 2416 afflictam
1773 2343 1820 2416 ad
1836 2342 1937 2415 illam
1955 2365 2062 2438 quarn

471 2462 519 2536 ibi
539 2478 676 2561 sperat,
702 2462 904 2535 libertatem
928 2463 1048 2557 gloriae
1065 2477 1143 2535 toto
1160 2463 1339 2542 desiderio
1358 2464 1547 2555 anhelare,
1573 2464 1656 2560 quia
1672 2462 1840 2535 videlicet
1857 2476 1932 2534 tnm
1948 2461 1987 2532 hi
2002 2461 2065 2557 qui

472 2583 565 2654 inter
580 2582 704 2653 fideles
726 2573 812 2654 sunt
827 2584 1000 2670 minores,
1023 2607 1133 2679 quam
1153 2582 1203 2654 illi
1220 2585 1282 2680 qni
1300 2583 1466 2679 majores.
1486 2583 1646 2654 Minores
1662 2596 1783 2653 autem
1799 2580 1984 2673 distinguit
2001 2603 2065 2677 per

472 2692 543 2763 hoc
572 2693 673 2788 quod
703 2692 803 2782 dicit,
834 2723 852 2757 α
868 2695 994 2764 Omnis
1024 2706 1200 2764 creatura.
1216 2723 1234 2759 s
1264 2694 1415 2789 Majores
1436 2718 1522 2766 vero
1552 2717 1616 2791 per
1642 2693 1713 2764 hoc
1744 2691 1844 2791 qnod
1869 2689 2062 2786 supponit,
2095 2745 2102 2758 .

476 2811 677 2909 «primitias
702 2811 844 2907 spiritus
868 2809 1053 2882 babentes.
1075 2839 1102 2882 r.
1116 2810 1224 2899 Quod
1249 2812 1371 2907 itaque
1393 2812 1536 2901 dicitnr,
1571 2842 1589 2878 ι(
1605 2812 1724 2884 omnis
1747 2824 1925 2900 creatum,
1945 2835 1963 2874 n
1994 2806 2065 2880 tale

474 2946 527 3002 est
543 2954 585 3001 ac
606 2931 636 2999 si
652 2927 787 3000 diceret
808 2955 816 2999 ι
842 2930 885 3000 Ηί
905 2930 967 3025 qui
985 2930 1136 3001 omnino
1156 2944 1241 3001 sunt
1259 2946 1438 3023 creatura,
1458 2931 1514 3003 vel
1530 2932 1594 3029 qui
1614 2933 1681 3003 toti
1698 2944 1780 3004 sunt
1794 2942 1972 3015 creatura,
1988 2951 2065 2999 non

474 3065 667 3141 creatores,
686 3046 806 3121 nullos
822 3048 990 3123 videlicet
1005 3074 1126 3123 creare
1142 3050 1196 3123 vel
1214 3076 1385 3147 generare
1406 3056 1484 3123 Deo
1501 3077 1566 3150 per
1581 3052 1873 3151 praedicationem
1888 3048 2062 3123 volentes.

476 3167 635 3266 Apostoli
648 3193 734 3240 vero
750 3184 785 3241 et
801 3193 928 3241 eornm
943 3171 1063 3241 vicarii
1081 3185 1253 3268 tanquam
1269 3171 1438 3264 aliorum,
1455 3187 1495 3244 ut
1510 3171 1680 3263 diximus,
1696 3184 1874 3243 creatores
1889 3167 2065 3265 quodam·

477 3287 587 3360 modo
608 3302 710 3377 sunt,
727 3288 829 3383 juxta
844 3287 945 3386 quod
964 3288 1048 3361 alibi
1065 3292 1140 3388 ipse
1159 3290 1246 3362 dicit
1268 3291 1501 3388 Apostolus¹z
1524 3321 1541 3357 r
1562 3296 1601 3363 ln
1625 3291 1768 3365 Christo
1789 3290 1887 3365 enirn
1904 3292 1989 3360 Jesu
2002 3309 2067 3385 per

477 3406 708 3504 Evangelium
718 3432 785 3504 ego
797 3432 862 3479 vos
876 3410 1021 3503 genui.»
1035 3413 1078 3482 lit
1091 3410 1257 3481 iternm²z
1271 3439 1288 3477 «
1303 3409 1416 3483 Filioli
1431 3412 1513 3505 mei,
1528 3436 1621 3508 qnos
1633 3412 1765 3487 iterum
1777 3408 1938 3509 parturio
1949 3404 2067 3479 donec

476 3526 650 3599 formetur
665 3526 826 3597 Christus
841 3528 879 3597 in
894 3527 1010 3600 robis.
1023 3559 1040 3594 r
1054 3559 1071 3596 ι(
1085 3530 1290 3625 lngemiscit
1300 3546 1336 3602 et
1346 3531 1537 3629 parturit,»
1553 3530 1588 3602 id
1602 3545 1655 3603 est
1665 3525 1934 3627 ingemiscendo
1945 3538 2066 3623 partu-

476 3648 533 3718 rit.
554 3648 717 3717 Gemitus
733 3661 853 3718 autem
870 3646 1030 3720 fidelium
1047 3647 1086 3720 hi
1104 3648 1160 3720 vel
1177 3649 1222 3721 de
1240 3665 1380 3721 terrena
1398 3650 1592 3723 afflictione
1609 3650 1845 3750 proveniunt,
1867 3643 2068 3719 secundum

475 3764 587 3836 istud⁸
608 3791 616 3834 ε
639 3796 656 3829 «
673 3770 805 3836 Euntes
821 3763 923 3836 ibant
938 3779 975 3836 et
995 3765 1143 3854 flebant,
1163 3770 1343 3840 mittentes
1364 3771 1501 3843 semina
1516 3792 1593 3863 nra,
1605 3800 1623 3837 u
1641 3769 1699 3842 vel
1714 3768 1762 3841 de
1777 3766 1928 3839 eoelestis
1946 3762 2069 3861 patri&

477 3880 669 3969 desideri0,
689 3883 782 3954 sicut
798 3898 851 3957 est
867 3882 992 3955 illud⁸z
1014 3915 1031 3948 α
1043 3888 1123 3957 Heu
1142 3885 1231 3961 mihi
1248 3888 1332 3983 qnia
1348 3888 1526 3961 incolatus
1542 3913 1644 3963 meus
1658 3888 1892 3987 prolongatus
1910 3896 1976 3957 est.
1994 3911 2011 3949 u
2025 3885 2069 3952 Et

477 4004 653 4071 rursum⁸z
669 4031 685 4067 r
698 4003 812 4100 Super
823 4001 973 4075 flumina
983 4002 1176 4101 Babylonis
1185 4005 1256 4078 illic
1267 4007 1427 4081 sedimus
1437 4023 1473 4079 et
1484 4007 1660 4099 flevimus,
1672 4005 1790 4079 donec
1798 4002 2070 4076 recordaremur

477 4119 528 4188 tui
555 4119 694 4190 Sion.»
714 4120 919 4192 Parturiunt
940 4136 1074 4214 autem,
1094 4122 1132 4194 id
1150 4138 1203 4196 est
1221 4124 1345 4198 labore
1362 4129 1521 4199 maximo
1543 4126 1698 4199 fructum
1718 4123 1900 4196 bonorum
1917 4143 2070 4219 opernm

476 4237 637 4334 prolerre
663 4238 901 4331 meditantur;
925 4254 961 4312 et
985 4255 1150 4339 satagunt
1173 4269 1286 4343 nsque
1312 4245 1444 4329 adhuc,
1464 4245 1571 4317 idest
1591 4269 1666 4342 non
1691 4243 1848 4333 horarie,
1865 4240 1929 4312 sed
1947 4262 2073 4337 quam·

477 4354 538 4427 diu
560 4357 698 4429 vivunt.
722 4360 883 4432 Parturio
899 4360 996 4433 enim
1013 4361 1164 4434 verbnm
1184 4379 1237 4436 est
1253 4365 1464 4438 meditativae
1477 4365 1612 4455 lormae,
1633 4388 1708 4435 non
1724 4360 1889 4462 perlectre
1908 4387 1916 4429 ε
1935 4374 1971 4430 et
1986 4356 2072 4428 ideo

476 4474 570 4549 bene
594 4478 798 4551 minoribns
814 4493 921 4577 atque
937 4480 1153 4580 imperfectis
1164 4471 1331 4583 aptatur,
1355 4486 1417 4582 qui
1434 4487 1637 4582 quasisnnt
1651 4483 1690 4554 in
1707 4481 1810 4554 initio
1827 4476 2070 4576 cogitationis,

477 4620 552 4669 nou
570 4597 607 4669 in
624 4599 845 4695 perfectione
862 4602 1093 4698 operationis.
1113 4608 1196 4676 Haec
1212 4618 1332 4677 antem
1351 4604 1510 4701 Apostoli
1526 4603 1636 4676 verba
1651 4627 1735 4675 cum
1751 4602 1822 4674 ait:
1836 4630 1854 4666 α
1868 4596 2075 4696 ingemiscit

477 4729 513 4787 et
530 4717 706 4816 parturit,
730 4746 748 4787 u
770 4718 839 4793 illis
859 4722 1057 4797 Dominicis
1075 4724 1300 4797 concordant
1324 4722 1441 4796 verbis
1465 4722 1598 4822 quibus
1622 4722 1786 4813 dicitur⁸,
1802 4749 1820 4788 «ι
1835 4718 1962 4795 Mulier
1985 4739 2076 4791 num

501 5026 536 5079 ΙἸ
551 5030 677 5092 corinth,
688 5044 743 5093 etp.
756 5040 828 5094 rra.
840 5033 877 5084 ts.
890 5057 917 5069 -
928 5032 1045 5093 motat,
1060 5044 1114 5096 etp.
1127 5046 1162 5096 rr,
1173 5046 1197 5083 r.
1212 5035 1251 5085 ts.
1264 5037 1312 5074 -⁸
1322 5031 1418 5085 Proin.
1434 5047 1541 5097 cunr.
1553 5035 1577 5085 t.
1587 5060 1619 5072 -
1629 5036 1637 5066 ⁸
1646 5032 1744 5085 Protin.
1757 5044 1831 5092 mir,
1848 5044 1873 5080 r.
1882 5033 1906 5081 ὅ.
1919 5054 1945 5067 ·-
1957 5024 2079 5077 ’Prain-

479 5110 1032 5177 casu‚r..r.-,-‘tm.,ap.1u‚v.rr.
