4559 6100
488 432 560 508 708
1074 424 1204 497 rarat
1229 419 1465 496 tumtum

489 598 573 656 estu
595 580 652 652 vel
672 579 751 675 gelu
772 574 1005 649 consistentes
1018 574 1151 672 pariter
1164 573 1380 646 cruciantur.
1404 575 1485 643 Non
1508 569 1583 644 haec
1606 568 1768 669 profectu
1787 569 1972 644 diversitas
1996 595 2087 669 pas·

489 705 632 775 sionum
651 723 693 772 ex
709 695 880 796 qualitate
896 693 1141 794 punientium,
1162 692 1226 765 sed
1242 692 1452 791 punitorum
1470 689 1648 789 provenit.
1666 689 1762 777 Quid
1785 691 1904 786 itaque
1922 692 2084 781 mirum,

489 825 518 894 si
543 820 748 893 resuscitata
764 838 917 914 corpora
936 838 1005 914 pro
1023 813 1158 886 meritis
1179 812 1354 910 cujusque
1374 810 1430 883 vel
1453 809 1582 882 eodem
1605 808 1701 901 loco,
1722 809 1777 882 vel
1800 809 1947 882 diversis
1962 812 2087 882 consi·

490 939 631 1027 utentia,
652 936 703 1008 sic
718 934 851 1008 divintc'
865 933 1032 1032 potentiae
1047 932 1180 1029 justitia
1201 929 1407 1002 moderetur
1422 928 1469 999 ad
1489 952 1647 1028 poenam,
1670 942 1710 999 ut
1725 928 1933 1026 ubicunque
1955 930 2086 1001 omnia

490 1059 558 1131 illis
583 1079 685 1153 aequc
711 1052 865 1154 plenalia
888 1051 981 1123 sinti
998 1050 1106 1139 Quod
1124 1050 1247 1147 utique
1270 1048 1328 1120 ille
1352 1047 1538 1145 diligenter
1557 1046 1775 1138 attendebat,
1796 1049 1857 1145 qui
1883 1048 2083 1121 vindictam

492 1178 558 1248 Dei
575 1198 727 1271 usquam
741 1197 778 1244 se
796 1170 951 1266 effugere
968 1193 1073 1267 posse
1088 1167 1275 1261 fatebatur,
1295 1166 1436 1240 dicens¹
1456 1194 1464 1237 :
1487 1170 1597 1255 «Quo
1616 1166 1679 1238 ibo
1694 1190 1717 1240 a
1733 1168 1857 1265 spiritu
1875 1183 1937 1239 tuo
1955 1181 1989 1240 et
2003 1193 2082 1265 quo

491 1305 518 1369 a'
530 1296 617 1367 facie
636 1308 697 1366 tua
718 1289 878 1388 fugiam?
896 1290 934 1359 si
950 1285 1145 1362 ascendero
1163 1288 1199 1359 in
1216 1286 1366 1380 coelum,
1392 1300 1430 1359 tu
1455 1286 1527 1359 illic
1544 1312 1603 1377 es;
1629 1287 1659 1359 ui
1684 1286 1904 1359 descendero
1925 1288 1962 1358 iu
1985 1288 2082 1359 infe-

490 1437 586 1501 rum,
605 1411 701 1485 ades.
722 1441 740 1478 »
759 1410 923 1506 Denique
939 1409 1018 1505 quis
1040 1407 1218 1480 malorum
1240 1405 1433 1478 bominum
1456 1406 1593 1479 animas
1613 1406 1649 1477 in
1667 1405 1809 1479 inferno
1827 1406 1909 1505 plus
1928 1406 2081 1480 cruciari

490 1546 644 1620 censeat,
664 1553 773 1628 quam
790 1526 963 1627 spiritales
984 1527 1161 1626 nequitias
1173 1527 1209 1598 in
1224 1550 1306 1599 aere
1322 1526 1555 1599 consistentes
1568 1550 1633 1598 sua
1646 1549 1746 1623 aequa
1763 1540 1941 1598 tormenta
1955 1550 2081 1598 secum

490 1652 696 1748 ubicunque
708 1646 1015 1721 circumferentes?
1028 1649 1125 1734 Quas
1135 1649 1256 1744 utique
1268 1660 1368 1719 tantu
1382 1645 1517 1742 majore
1526 1657 1707 1717 tormento
1719 1645 1844 1742 dignas
1853 1669 1929 1718 esse
1940 1660 2079 1718 certum

489 1788 555 1860 est,
569 1784 704 1867 quanto
719 1765 910 1863 nequiores
922 1788 998 1837 esse
1011 1764 1159 1837 minime
1175 1763 1397 1838 dubitantur.
1416 1765 1504 1853 Quis
1520 1763 1650 1837 eodem
1670 1763 1782 1837 modo
1802 1779 1921 1861 neget,
1940 1765 2080 1838 animas

482 1891 683 1989 impiorum
692 1890 729 1959 in
740 1883 1143 1985 corporibusresumtas,
1151 1883 1457 1981 quocunqueloco
1465 1899 1888 1975 moveantur,suasecum
1898 1898 2078 1958 tormenta

489 2024 638 2106 gestare,
647 2007 711 2081 etsi
721 2004 970 2079 nihilerterius
979 2001 1148 2074 inferatur
1158 2002 1481 2076 tormentillllultas
1489 2003 1623 2103 quippe
1632 2004 1814 2103 passiones
1823 2005 2078 2077 animaeadbuc

489 2130 688 2226 incorpore
701 2121 944 2197 manentisvel
955 2121 1168 2193 intrinsecus
1184 2121 1319 2215 inferri,
1332 2121 1389 2194 vel
1397 2123 1613 2196 extrinsecus
1625 2149 1668 2196 ex
1681 2123 1797 2220 aliqua
1807 2124 2078 2223 perturbatione

488 2248 544 2320 vel
566 2247 728 2344 corporis
750 2240 987 2339 inaequalitate
1000 2239 1280 2339 ridemus,'quae
1296 2241 1406 2313 semel
1427 2241 1555 2316 habitae
1575 2243 1673 2316 nulla
1694 2244 1831 2342 possint
1851 2245 1982 2317 auferri
2009 2245 2078 2318 loci

488 2365 763 2465 permutatione.
792 2366 839 2433 Ut
865 2360 961 2432 enim
989 2373 1126 2432 ceteras
1154 2360 1316 2433 omittam
1342 2362 1543 2460 passiones,
1569 2360 1657 2458 quid
1688 2363 1782 2437 valet
1805 2363 1850 2436 ad
1880 2363 2078 2438 remedium

488 2512 615 2585 prena,
637 2507 711 2582 quo
728 2483 811 2554 loco
833 2504 930 2553 nunc
948 2480 1143 2552 constituas
1159 2480 1387 2570 morientem,
1402 2480 1459 2553 vel
1479 2482 1634 2555 maxima
1653 2484 1819 2582 passione
1835 2483 2075 2577 laborantem,

489 2608 518 2676 si
538 2605 692 2676 minime
701 2601 761 2674 illa
776 2600 894 2700 passio
911 2598 1077 2671 lenienda
1092 2601 1137 2671 sit
1152 2624 1194 2671 ex
1212 2598 1318 2671 loco?
1336 2604 1405 2670 Aut
1419 2624 1504 2672 cum
1520 2600 1631 2673 modo
1649 2601 1755 2674 nobis
1770 2604 2017 2697 morientibus,
2038 2621 2080 2677 ut

488 2724 615 2796 beatus
641 2719 807 2792 meminit
839 2718 1077 2814 Augustinus,
1106 2732 1205 2791 tanta
1231 2718 1276 2789 sit
1307 2718 1344 2789 in
1372 2743 1524 2817 corpore
1548 2722 1666 2818 passio
1692 2723 1837 2816 mortis,
1864 2738 1903 2795 ut
1930 2739 2082 2823 propter

488 2840 584 2912 banc
607 2840 736 2937 ipsum‘
756 2836 956 2934 relinquere
989 2836 1107 2908 anima
1133 2835 1393 2934 compellatur,
1426 2839 1508 2937 quis
1530 2840 1567 2911 in
1590 2840 1804 2940 corporibus
1827 2845 2013 2940 resumptis
2036 2861 2080 2916 et

485 2963 559 3060 jam
580 2955 840 3031 immortalibus
863 2955 981 3048 factis,
1005 2954 1100 3028 hauc
1123 2957 1327 3055 passionem
1351 2980 1423 3056 qua
1447 2959 1506 3032 hic
1532 2959 1721 3033 moriendo
1746 2961 1983 3052 dissolvimur,
2008 2964 2078 3036 ubi

488 3096 661 3180 perpetua
681 3078 798 3170 fuerit,
823 3075 869 3149 ad
894 3076 1165 3150 damnationem
1190 3078 1274 3149 satis
1298 3102 1373 3151 esse
1392 3102 1467 3151 non
1490 3097 1646 3170 censeat,
1668 3081 1726 3154 rel
1749 3084 1779 3154 si
1801 3108 1872 3181 qua
1893 3084 1983 3156 forte
2008 3085 2080 3157 alia

489 3200 603 3298 possit
622 3222 699 3271 esse
720 3197 848 3293 major,
873 3195 974 3268 nullo
999 3196 1418 3271 extrinsecus'tormento
1432 3198 1629 3296 adjuncto?
1650 3200 1746 3289 Quid
1769 3203 1866 3275 enim
1889 3206 2001 3300 magis
2017 3206 2077 3299 ju·

489 3320 590 3391 stitiae
613 3316 800 3407 convenit,
830 3338 938 3412 quam
964 3314 1064 3409 quod
1090 3316 1168 3415 ipsa
1193 3317 1370 3415 praecipue
1397 3342 1550 3417 corpora
1578 3344 1642 3393 sua
1668 3335 1849 3393 resumant
1877 3323 2004 3395 animae
2029 3326 2076 3395 ad

488 3451 730 3528 tormentum,
755 3434 886 3531 quibus
911 3432 1002 3505 male
1026 3458 1097 3505 usae
1119 3435 1191 3505 sint
1216 3432 1262 3506 ad
1286 3434 1614 3510 oblectamentum?
1629 3443 1777 3513 Tantam
1795 3466 1882 3513 vero
1904 3444 1941 3513 in
1963 3442 2076 3515 disso-

487 3558 624 3629 lutione
638 3554 764 3627 mortis
777 3553 979 3651 passionem
993 3576 1070 3625 esse
1083 3567 1220 3624 certum
1239 3567 1306 3645 est,
1322 3567 1364 3625 ut
1378 3580 1444 3653 pro
1461 3558 1589 3654 quovis
1604 3574 1751 3656 peccato
1765 3560 1933 3657 irrogata,
1949 3585 2074 3659 quam·

489 3677 543 3745 ris
567 3676 611 3746 sit
634 3672 861 3765 brevissima,
881 3670 926 3743 ad
949 3671 1199 3769 purgationem
1223 3687 1344 3746 tamen
1366 3674 1441 3771 ejus
1463 3676 1563 3773 quod
1584 3702 1659 3749 uon
1688 3694 1820 3754 aeterna
1841 3679 2072 3754 damnatione

488 3792 638 3887 dignum
664 3791 780 3876 fuerit,
808 3788 970 3863 sufficere
996 3790 1175 3884 credatur,
1205 3791 1316 3887 uude,
1332 3805 1372 3864 ut
1385 3792 1511 3868 beatus
1527 3798 1650 3868 asserit
1665 3797 1925 3897 Hieronymus,
1945 3800 2003 3872 illa
2020 3814 2071 3873 est

491 3907 673 4010 propbetae
690 3908 887 3980 seutentia¹
906 3934 915 3978 z
937 3936 955 3977 n
970 3912 1048 3981 Non
1061 3909 1237 4006 judicabit
1253 3910 1308 3985 bis
1317 3914 1493 3987 Dominus
1509 3915 1545 3986 in
1558 3914 1595 3987 id
1611 3916 1727 4016 ipsum
1742 3932 1778 3990 et
1793 3943 1868 3991 non
1885 3935 2076 4016 consurget

489 4026 622 4126 duplex
645 4024 876 4097 tribulatio.»
904 4026 1067 4120 Legimus
1089 4042 1126 4099 et
1149 4030 1342 4104 nonnullas
1364 4031 1616 4106 defunctorum
1638 4037 1776 4109 animas
1797 4034 1983 4110 damnatas
2005 4062 2072 4109 no·

489 4148 595 4220 luisse
616 4142 717 4217 reddi
731 4142 811 4214 vire
827 4143 1006 4239 presenti,
1024 4157 1065 4214 ut
1085 4143 1178 4217 bene
1194 4149 1378 4245 operando
1398 4152 1630 4242 salvarentur,
1652 4154 1778 4228 sicam
1799 4180 1940 4229 rursum
1958 4170 2073 4229 morte

480 4265 744 4340 interveniente
760 4260 865 4334 linire
878 4275 1101 4359 cogerentur.
1123 4265 1302 4363 Scriptum
1317 4291 1394 4340 esse
1409 4270 1494 4343 alibi
1509 4273 1719 4371 reperimus,
1739 4275 1913 4371 quasdam
1929 4289 2072 4347 sancto·

481 4412 571 4459 rum
597 4383 826 4457 morientium
842 4383 997 4474 animas,
1022 4383 1152 4455 timore
1176 4408 1290 4482 poenae
1314 4384 1556 4463 dissolutionis
1571 4416 1643 4466 suae
1659 4408 1820 4492 tempore
1844 4394 2071 4494 adparatum

487 4501 745 4577 beatitudinem
767 4499 887 4597 egredi
908 4524 1054 4600 prorsus
1079 4501 1256 4600 refugere,
1277 4505 1395 4579 donec
1417 4531 1477 4580 eas
1497 4510 1673 4583 Dominus
1686 4511 1846 4607 jussisset
1867 4511 1913 4585 ab
1938 4511 2070 4609 angelis

489 4621 619 4722 suscipi
634 4619 716 4693 siue
733 4617 873 4691 dolore.
893 4622 945 4689 Ex
961 4643 1035 4716 quo
1053 4620 1227 4717 liquidum
1247 4639 1312 4716 est,
1330 4642 1464 4723 quanta
1479 4627 1525 4700 sit
1540 4627 1644 4726 hujus
1661 4632 1786 4703 mortis
1803 4632 1934 4731 passio,
1954 4631 2067 4728 cujus,

489 4758 530 4814 ut
550 4740 717 4830 diximus,
737 4750 849 4830 metu,
867 4735 957 4811 alius
984 4738 1031 4812 ad
1058 4741 1209 4814 salutem
1231 4742 1348 4818 redire
1370 4770 1445 4820 non
1469 4746 1603 4843 voluit,
1630 4747 1721 4824 alius
1744 4749 1792 4824 ad
1813 4749 2070 4824 beatitudinem

518 5021 524 5047 ¹
545 5012 639 5065 Proin.
655 5023 811 5076 casarum.
822 5014 836 5063 t
847 5016 874 5062 at
884 5012 907 5064 t.
920 5009 1083 5077 aunum,
1094 5027 1149 5076 cap.
1161 5026 1179 5077 1,
1190 5027 1214 5066 r.
1224 5016 1249 5066 9.

1172 5561 2252 6078 ⁴-l
