4559 6100
912 493 1145 567 olamans,
1244 434 1249 447 ·
1749 498 1821 573 689

233 645 335 712 Hunc
357 639 453 713 enim
466 644 628 739 ‘operum
648 632 871 732 nostrorum,
890 655 931 713 ut
949 668 1056 740 supra
1072 668 1220 742 quoque
1239 647 1487 736 meminimus,
1508 647 1617 721 finem
1633 672 1709 722 esse
1726 672 1824 721 oon-

231 761 341 852 venit,
370 776 507 834 utnon
534 775 608 834 tarn
633 763 780 861 propria
804 785 914 859 quam
938 766 1147 837 communia
1175 779 1310 862 quaerat
1333 768 1485 864 quisque
1510 769 1725 862 commoda,
1755 794 1823 842 nec

231 895 305 953 tarn
339 880 405 954 sibi
437 906 545 979 quam
572 884 741 956 omnibus
767 884 881 975 vivat,
908 884 1008 980 juxta
1030 883 1120 956 illud
1144 885 1330 975 videlicet,
1361 887 1460 984 qnod
1486 888 1523 958 in
1548 888 1655 962 laude
1679 890 1825 961 Catonia

233 1004 397 1073 lucanus
416 1000 599 1074 decantat¹
620 1028 628 1071 ε

611 1208 675 1271 Uni
692 1208 810 1297 quippe
821 1223 913 1272 vacat
928 1206 1041 1273 studiis
1056 1207 1202 1297 odiisque
1217 1211 1349 1291 carenti,

609 1309 795 1374 Humanum
810 1309 919 1401 lugere
932 1332 1041 1400 genus.
1051 1362 1056 1374 .
1065 1361 1087 1375 ..

684 1412 726 1475 Hi
740 1434 857 1494 mores,
874 1413 943 1476 haec
957 1410 1028 1476 duri
1044 1412 1179 1477 immota
1195 1413 1325 1478 Catonis

611 1514 702 1579 Secta
717 1513 787 1594 fuit,
803 1536 927 1579 servare
941 1512 1078 1579 modum
1094 1514 1254 1604 finemque
1266 1531 1386 1596 tenere,

610 1616 829 1705 Naturamque
842 1616 943 1704 sequi,
960 1616 1134 1706 patriaeque
1147 1616 1335 1707 impendere
1344 1618 1455 1693 vitam,

613 1718 682 1783 Nec
698 1719 759 1783 eibi
775 1718 832 1785 sed
849 1718 911 1783 toti
922 1719 1065 1808 genitum
1076 1743 1110 1785 se
1124 1717 1256 1786 credere
1272 1719 1407 1786 mundo.

240 1832 281 1897 Et
298 1842 378 1925 post
394 1829 512 1925 aliqua
529 1856 538 1897 :

693 1948 774 2013 Urbi
790 1964 881 2038 pater
896 1963 956 2027 eat,
975 1947 1109 2037 urbique
1122 1949 1255 2015 maritus

612 2140 649 2203 In
667 2162 837 2204 commune
852 2139 970 2204 bonus.

286 2342 427 2439 Quippe
451 2341 549 2439 quod
572 2342 725 2440 propriis
744 2340 898 2414 intendit
922 2340 1125 2414 commodis
1145 2356 1279 2413 naturae
1300 2356 1353 2414 est
1378 2341 1545 2435 infirmae,
1570 2342 1670 2440 quod
1685 2341 1827 2435 alienis,

237 2462 377 2536 virtutis
402 2463 561 2558 egregiae.
594 2466 638 2532 Et
661 2461 762 2560 parvi
787 2484 887 2533 suam
914 2462 1088 2533 aestimare
1113 2460 1222 2533 vitam
1248 2459 1375 2553 debet,
1402 2462 1465 2557 qui
1495 2462 1600 2535 unius
1626 2463 1681 2535 sui
1708 2486 1832 2534 curam

237 2606 385 2678 gerens,
409 2581 565 2680 propriis
582 2572 772 2653 contentus
788 2596 842 2652 est
861 2579 1083 2672 commodis,
1111 2602 1179 2651 nec
1199 2580 1352 2651 aliorum
1371 2580 1441 2656 sibi
1460 2596 1617 2655 meretur
1633 2581 1782 2678 gratiam
1798 2596 1833 2652 et

237 2701 396 2775 laudern.
418 2701 550 2771 Imitari
571 2699 722 2797 quisque
743 2723 810 2796 pro
830 2698 979 2771 modulo
999 2723 1067 2770 suo
1083 2701 1202 2771 Deum
1218 2697 1345 2789 debet,
1366 2701 1428 2796 qui
1451 2724 1535 2772 cum
1559 2700 1693 2772 nullius
1708 2714 1830 2797 egeat,

237 2823 292 2895 sui
309 2821 456 2892 minime
473 2842 609 2910 curam,
630 2817 693 2889 sed
708 2819 871 2889 omnium
889 2818 974 2914 agit,
990 2842 1057 2890 nec
1074 2816 1142 2889 sibi
1161 2817 1360 2889 necessaria
1376 2817 1440 2891 sed
1458 2818 1628 2890 omnibus
1642 2819 1830 2909 ministrat,

240 2942 347 3014 totius
371 2938 566 3011 mundanae
589 2936 731 3009 labricae
762 2951 933 3035 tanquam
964 2936 1072 3009 unius
1095 2960 1233 3033 magnae
1263 2935 1466 3034 reipublicae
1489 2949 1715 3036 procurator.
1742 2940 1834 3033 Sunt

239 3062 301 3159 qui
323 3074 442 3158 partes
462 3057 606 3154 justitiae
629 3056 795 3155 ampliori
813 3080 967 3129 numero
990 3080 1067 3127 non
1091 3079 1227 3145 rerum,
1256 3055 1318 3126 sed
1340 3057 1531 3129 nominum
1554 3056 1829 3152 distinguentes,

239 3179 427 3276 plerasque
450 3201 470 3247 a
492 3174 598 3247 nobis
623 3199 698 3245 uno
719 3173 996 3272 comprehensas
1016 3172 1196 3246 vocabulo
1218 3170 1381 3270 pluribus
1404 3173 1648 3269 distinguunt,
1676 3189 1711 3246 et
1733 3174 1834 3269 quod

240 3299 276 3368 in
305 3311 382 3368 toto
408 3294 616 3366 conclusum
639 3305 704 3381 ast,
731 3295 768 3363 in
794 3306 913 3389 partes
938 3291 1164 3384 discernunt,
1187 3291 1355 3389 pietatem
1380 3291 1513 3364 scilicet
1542 3315 1624 3387 erga
1653 3305 1831 3389 parentes,

242 3415 434 3488 amicitiam
454 3414 490 3484 id
506 3428 558 3486 est
571 3409 859 3484 benevolentiam
877 3434 960 3507 erga
974 3435 1037 3483 eos
1053 3411 1114 3508 qui
1133 3434 1201 3482 nos
1217 3409 1383 3507 diligunt,
1404 3411 1565 3509 ipsorum
1589 3435 1697 3484 causa
1723 3413 1834 3508 magis

240 3560 349 3633 quam
374 3533 543 3633 sperandi
568 3531 715 3628 alicujus
735 3529 1040 3621 commodi,cum
1063 3530 1142 3628 pari
1167 3553 1295 3602 eorum
1317 3553 1400 3626 erga
1425 3553 1493 3601 nos
1511 3530 1705 3623 voluntate,
1724 3530 1834 3626 gratia

241 3657 277 3726 in
306 3654 598 3726 remuneratione
629 3649 901 3722 beneficiorum.
934 3649 1005 3723 Sed
1027 3650 1094 3722 tria
1120 3648 1195 3720 haec
1224 3648 1385 3747 prolecto
1410 3645 1651 3721 beneficentiae
1678 3650 1835 3747 supponi

242 3788 404 3867 constat,
434 3771 499 3871 per
526 3795 635 3869 quam
658 3768 824 3846 ,videlicet
853 3771 994 3843 animus
1017 3770 1065 3843 ad
1091 3767 1260 3867 quaelibet
1284 3765 1404 3839 debita
1434 3765 1669 3840 beneficentia
1693 3768 1834 3865 impen-
1930 3821 1936 3836 ,

242 3893 361 3967 denda
379 3907 452 3965 tam
469 3890 680 3991 parentibus
695 3890 842 3979 scilicet,
863 3913 972 3987 qnam
990 3889 1117 3962 ceteris
1134 3902 1325 3986 promptus
1338 3900 1402 3959 est.

735 4071 784 4135 De
800 4069 936 4134 naturali
949 4084 1045 4158 atqire
1060 4069 1195 4159 positiva
1203 4066 1334 4154 justitia.

293 4235 447 4326 Oportet
461 4242 580 4301 autam
597 4227 720 4317 iuliis,
736 4250 816 4327 quae
827 4225 874 4299 ad
887 4225 1061 4322 justitiam
1074 4225 1266 4323 pertinent,
1284 4247 1360 4295 non
1376 4221 1494 4294 solum
1510 4224 1690 4317 naturalis,
1709 4250 1833 4299 verum

245 4348 357 4422 etiam
382 4348 540 4444 positivae
558 4347 701 4442 justitia
724 4346 901 4418 tramitem
922 4368 998 4417 non
1019 4342 1156 4416 excedi.
1177 4346 1239 4414 lus
1262 4342 1395 4439 quippe
1417 4340 1516 4412 aliud
1538 4343 1717 4434 naturale,
1736 4343 1834 4417 aliud

247 4465 442 4563 positivum
464 4463 607 4536 dicitur.
626 4463 790 4536 Naturale
807 4462 954 4561 quidem
969 4464 1028 4558 jus
1045 4476 1115 4554 est,
1135 4460 1233 4558 quod
1258 4481 1367 4557 opere
1389 4458 1645 4556 complendum
1665 4483 1741 4533 esse
1758 4461 1834 4561 ipsa

251 4608 333 4681 quae
355 4583 525 4654 omnibus
549 4582 755 4655 naturaliter
781 4584 874 4653 inest
900 4581 992 4653 ratio
1018 4579 1229 4677 persuadet,
1259 4576 1451 4649 etidcirco
1480 4577 1578 4674 apud
1602 4601 1729 4652 omnes
1753 4605 1834 4678 per·

253 4716 387 4793 manet,
413 4716 453 4772 ut
469 4705 586 4773 Deum
611 4701 742 4794 colere,
767 4712 930 4799 parentes
954 4722 1088 4790 amare,
1114 4719 1302 4797 perversos
1322 4696 1462 4794 punire,
1486 4710 1522 4768 et
1537 4721 1835 4795 quorumeunque

250 4820 481 4896 obseruantia
506 4818 676 4893 omnibus
695 4833 748 4892 eat
773 4819 989 4909 necessaria,
1011 4832 1050 4890 ιιι
1073 4817 1172 4891 nulla
1194 4838 1365 4915 umquam
1390 4816 1467 4887 sine
1491 4814 1560 4886 illis
1585 4818 1711 4890 merita
1733 4817 1844 4889 solli·

278 5083 284 5109 ¹
299 5078 434 5145 Pheraei,
447 5081 489 5131 un
500 5078 531 5141 u,
541 5092 564 5130 t.
578 5082 622 5132 au
635 5087 661 5130 rt
671 5091 736 5143 “lt-t
746 5081 826 5132 attat
835 5089 891 5141 aqu.

362 5192 386 5228 n
