4559 6100
542 509 806 583 stultusne
831 511 960 585 trualt
986 511 1139 584 arctus
1168 537 1178 583 ι
1203 510 1327 584 scito
1351 511 1551 586 TElPSUM.
1775 515 1841 589 oet

262 668 388 760 minis,
400 669 598 740 remittetur
615 669 647 740 ei
665 696 675 757 3
693 668 755 764 qui
770 681 889 740 autem
900 665 1028 739 dixerit
1046 681 1173 738 contra
1180 665 1351 764 Spiritum
1373 665 1555 752 Sanctum,
1567 686 1643 733 non
1650 663 1850 737 remittetur

261 786 307 877 ei,
317 810 436 884 neque
452 788 488 859 iu
504 787 577 859 hoc
592 787 726 876 seculo,
738 810 855 883 neque
875 787 913 856 in
933 784 1080 856 loturo?
1096 813 1114 853 a
1135 782 1244 872 Quod
1264 807 1375 880 quare
1390 781 1536 873 diceret,
1556 784 1694 853 Marcus
1711 786 1851 881 aperuit

261 903 401 977 dicens¹
421 932 429 974 ε
460 906 672 991 «Quoniam
691 904 884 977 dicebant:
903 905 1075 1003 Spiritum
1091 902 1321 975 immundum
1338 900 1460 973 habet.
1477 928 1496 968 ιι
1520 904 1598 971 Hoc
1618 915 1737 973 autem
1762 928 1850 1001 pec-

261 1038 380 1095 catum
392 1022 538 1120 quidem
554 1022 839 1120 desperationem
853 1024 964 1095 veuiae
976 1021 1121 1111 dicunt3
1135 1021 1313 1116 numquis
1325 1018 1492 1091 videlicet
1503 1018 1553 1090 ob
1567 1018 1850 1114 magnitudinem

261 1157 491 1239 peccatorum
510 1140 638 1212 dillidit
657 1144 799 1240 penitus
819 1166 840 1215 a
860 1141 1020 1213 bonitate
1040 1142 1119 1231 Dei,
1146 1164 1224 1236 quae
1247 1164 1312 1238 per
1335 1139 1506 1237 Spiritum
1530 1140 1702 1210 Sanctum
1726 1139 1853 1211 intelli·

261 1260 369 1355 gitur,
396 1275 434 1333 ut
450 1284 517 1332 nec
541 1260 770 1358 poenitendo,
789 1261 845 1336 vel
868 1262 986 1359 aliqua
1003 1259 1242 1333 satisfactione
1260 1259 1401 1329 veniam
1420 1258 1532 1355 possit
1554 1256 1757 1355 impetrare.
1781 1260 1849 1331 Sed

259 1378 290 1449 si
312 1378 384 1452 hoc
407 1378 559 1451 dicimus
582 1404 732 1478 peccare
749 1382 805 1453 vel
828 1380 1076 1479 blasphemare
1092 1379 1130 1450 in
1151 1378 1339 1476 Spiritum,
1357 1375 1447 1472 quid
1465 1377 1627 1449 dicemus
1647 1400 1796 1473 peccare
1814 1380 1851 1449 in

260 1497 387 1569 Filium
421 1498 600 1571 hominis?
629 1503 813 1587 Quantum
843 1525 931 1573 vero
962 1498 1048 1571 milri
1079 1497 1234 1589 videtur,
1267 1520 1417 1593 peccare
1445 1496 1502 1568 vel
1536 1494 1785 1595 blasphemare
1814 1499 1851 1568 in
1947 1544 1950 1549 -

259 1616 388 1689 Filium
421 1617 579 1688 hominis
605 1617 678 1690 hoc
715 1618 798 1691 loco
830 1619 960 1692 dicitur
988 1616 1203 1691 excellentiae
1235 1616 1466 1687 humanitatis
1496 1615 1624 1687 Christi
1656 1615 1848 1710 derogare,

259 1750 429 1833 tanquam
467 1761 548 1809 uam
581 1761 793 1834 negaremus
824 1740 901 1812 sine
928 1753 1075 1838 peccato
1110 1752 1343 1835 conceptam,
1371 1735 1428 1807 vel
1462 1760 1483 1808 a
1519 1739 1597 1807 Deo
1632 1750 1852 1834 assumptam

258 1869 407 1952 propter
430 1854 607 1927 visibilem
635 1858 753 1929 carnis
774 1856 1030 1930 infirmitatem.
1060 1856 1099 1927 ld
1123 1856 1258 1953 quippe
1283 1852 1382 1925 nulla
1404 1853 1562 1926 humana
1585 1853 1724 1926 ratione
1749 1877 1852 1926 com-

259 1973 335 2067 peri
350 1987 503 2070 poterat,
522 1975 586 2046 sed
601 1979 679 2047 Deo
692 1991 833 2049 tantum
857 1975 1029 2048 revelanti
1049 1974 1160 2047 credi.
1186 1972 1269 2045 Tale
1290 1987 1343 2045 est
1360 1996 1445 2068 ergo
1462 1970 1563 2068 quod
1580 1972 1648 2044 ait¹
1669 1998 1677 2041 :
1703 2001 1720 2039 a
1734 1974 1851 2045 Omne

258 2107 446 2187 peccatum
465 2107 502 2165 et
517 2093 739 2190 blasphemia
756 2096 958 2167 remittetur
973 2093 1183 2167 hominibus
1200 2120 1207 2162 :
1228 2092 1378 2190 Spiritus
1394 2105 1515 2163 autem
1536 2090 1759 2188 blasphemia
1777 2118 1851 2164 non

258 2211 475 2304 remittetur3
489 2240 507 2279 ιι
524 2226 696 2309 tanquam
718 2214 748 2284 si
768 2213 928 2286 diceret:
950 2214 997 2286 de
1017 2212 1114 2285 nulla
1134 2210 1204 2284 alia
1228 2210 1450 2308 blasphemia
1470 2209 1664 2282 diffinitum
1685 2228 1739 2284 est
1755 2214 1852 2310 apud

258 2331 392 2423 Deum,
422 2330 522 2429 quod
547 2332 654 2404 nullis
681 2332 889 2405 hominibus
911 2333 1123 2418 dimittatur,
1150 2332 1218 2403 nisi
1243 2330 1289 2402 de
1312 2331 1397 2419 ista3
1424 2344 1461 2402 et
1487 2331 1704 2429 quicumque
1725 2332 1852 2406 dixerit

258 2447 408 2521 verbum
429 2465 554 2524 contra
579 2451 706 2523 Filium
731 2452 909 2543 hominis,
945 2451 1225 2540 remitteturei,
1255 2450 1326 2522 boc
1352 2464 1427 2537 est,
1450 2449 1569 2522 nullus
1595 2453 1657 2548 qui
1681 2456 1851 2551 assumpti

259 2565 415 2640 hominis
437 2568 614 2664 dignitati,
641 2586 681 2641 ut
708 2571 880 2663 diximus,
899 2569 1060 2667 deroget,
1088 2584 1237 2668 propter
1260 2569 1332 2641 hoc
1355 2567 1598 2660 damnabitur,
1624 2572 1653 2640 si
1678 2570 1753 2642 aliae
1777 2595 1851 2643 non

258 2688 496 2760 interveniant
512 2688 754 2762 damnationis
774 2713 901 2761 causae.
922 2695 1001 2761 Non
1019 2691 1114 2761 enim
1137 2692 1175 2761 in
1197 2689 1268 2781 hoc
1285 2688 1412 2785 aliquis
1426 2702 1636 2787 contemptu
1652 2691 1719 2761 Dei
1736 2693 1851 2762 notari

257 2818 386 2901 potest,
415 2809 445 2878 si
470 2809 655 2882 veritatem
683 2832 748 2907 per
776 2833 936 2880 errorem
959 2807 1199 2895 contradicat,
1225 2832 1292 2879 uec
1317 2821 1443 2879 contra
1465 2808 1723 2880 conscientiam
1749 2825 1849 2907 agat,

255 2926 411 2997 maxime
432 2951 516 2998 cum
537 2927 574 2998 id
596 2926 664 2999 tale
680 2929 739 3018 sit,
758 2927 856 3024 quod
873 2928 1033 3000 humana
1050 2928 1188 3000 ratione
1205 2927 1406 3024 investigari
1424 2951 1499 2998 non
1517 2928 1643 3025 possit,
1663 2928 1726 3000 sed
1743 2932 1853 3026 magis

257 3046 395 3117 ratione
408 3045 570 3118 videatur
592 3051 826 3120 contrarium.
848 3046 1098 3146 Blasphemare
1119 3061 1240 3119 autem
1257 3048 1294 3118 in
1315 3045 1501 3145 Spiritum,
1520 3063 1573 3119 est
1584 3048 1633 3120 ita
1650 3073 1760 3147 opera
1778 3075 1854 3122 ma·

256 3163 389 3235 nilestae
420 3165 538 3257 gratiae
560 3166 626 3236 Dei
652 3166 875 3255 calumniari,
901 3180 939 3236 nt
959 3165 1019 3237 illa
1044 3190 1124 3262 quae
1151 3164 1346 3236 credebaut
1369 3190 1434 3262 per
1458 3166 1631 3263 Spiritum
1657 3169 1849 3260 Sanctum,

256 3281 327 3352 hoc
355 3297 430 3373 est,
453 3282 576 3358 divina
602 3282 763 3356 bonitate
787 3284 1065 3358 misericorditer
1092 3282 1187 3374 lieri,
1214 3307 1278 3380 per
1301 3281 1488 3355 diabolum
1509 3298 1629 3356 tamen
1656 3304 1853 3360 assererent

256 3402 327 3497 agi,
353 3415 524 3498 tanquam
548 3403 578 3473 si
599 3402 759 3476 dicerent
779 3403 880 3476 illum
908 3427 1016 3499 quem
1038 3403 1210 3502 Spiritum
1233 3402 1300 3473 Dei
1325 3400 1537 3494 credebaut,
1572 3427 1649 3475 esse
1680 3405 1852 3502 Spiritum

256 3543 426 3615 nequam,
445 3535 482 3593 et
499 3521 550 3596 sic
567 3525 683 3594 Deum
700 3546 776 3594 esse
793 3521 991 3594 diabolum.

305 3640 531 3737 Quicumque
542 3641 649 3737 igitur
659 3642 710 3714 sic
721 3642 759 3713 in
767 3642 948 3716 Christum
958 3656 1210 3739 peccaverunt,
1221 3641 1378 3715 dicendo
1390 3640 1664 3715 scilicetcontra
1672 3645 1853 3716 couscien-

256 3760 343 3830 tiam
360 3781 444 3834 eum
460 3761 498 3834 in
512 3759 709 3840 Beelzebub
723 3762 884 3860 principe
898 3760 1117 3833 daemonium
1131 3762 1259 3858 ejicere
1271 3762 1462 3850 daemonia,
1480 3763 1530 3836 ita
1544 3787 1693 3862 prorsus
1707 3789 1727 3836 a
1739 3787 1851 3861 regno

256 3878 322 3948 Dei
338 3891 422 3950 sunt
436 3881 641 3979 proscripti,
664 3895 699 3952 et
721 3880 768 3954 ab
789 3881 865 3977 ejus
879 3881 991 3977 gratia
1004 3882 1149 3979 penitus
1164 3881 1310 3975 exclusi,
1330 3896 1370 3955 ut
1386 3881 1507 3955 nullus
1523 3881 1670 3956 illorum
1683 3883 1852 3982 deinceps

255 4019 320 4092 per
330 3998 575 4094 poeniteutiam
591 4015 789 4074 mereretur
803 3999 1076 4096 indulgentiam.
1094 4005 1168 4075 Nec
1180 4000 1328 4099 quidem
1343 4024 1517 4099 negamus
1529 4026 1592 4074 eos
1605 4002 1735 4076 salvari
1745 4028 1851 4102 posse

255 4117 520 4214 sipoeniterent,
537 4118 600 4194 sed
614 4120 843 4194 solummodo
859 4143 921 4194 eos
938 4119 1090 4196 dicimus
1101 4147 1167 4196 nec
1183 4123 1402 4223 poeuiteutiae
1412 4137 1513 4196 actus
1526 4138 1750 4197 assecuturos
1759 4148 1848 4197 esse.

290 4422 392 4487 Ὦτα,
410 4440 464 4489 cap.
477 4441 519 4490 ut,
532 4442 556 4477 ι.
569 4431 609 4479 30.
623 4454 650 4464 -
663 4430 672 4458 ¹
685 4427 782 4490 llatth„
794 4444 848 4492 cap.
861 4442 908 4492 ιιι,
924 4444 947 4481 r.
962 4435 1000 4482 to.
