4559 6100
502 540 550 613 34
642 607 645 612 .
1108 547 1235 619 PE'lltl
1263 543 1499 619 ABAELARDI

501 688 603 782 dixit,
618 702 744 789 postea
751 691 974 790 unigenitum
984 695 1190 794 appellavit.
1203 697 1389 782 Quantum
1400 691 1626 792 plenissimus
1637 691 1695 780 sit,
1706 693 1865 762 loannes
1877 688 2098 787 Evangelista

500 808 591 882 ait¹:
616 837 634 880 ι(
653 814 708 883 De
721 810 946 909 plenitudine
969 815 1046 887 eius
1069 839 1197 887 omnes
1216 814 1432 912 accepimus.
1453 839 1472 880 u
1496 816 1592 883 Deos
1612 824 1746 904 autem,
1765 809 1837 882 hoc
1858 822 1910 880 est
1931 809 2098 883 animalia

501 928 689 1002 rationalia
708 929 944 1025 immortalia,
964 933 1177 1033 Philosophi
1196 932 1377 1033 planetas,
1407 954 1469 1004 seu
1491 931 1600 1004 etiam
1623 929 1802 1002 mundum
1825 929 1945 1027 ipsum
1968 951 2098 1001 vocare

500 1063 786 1143 consueverunt,
804 1049 954 1124 undeet
972 1053 1154 1152 Propheta
1170 1051 1285 1124 solem
1303 1065 1339 1123 et
1356 1049 1480 1123 lunam
1495 1064 1531 1122 ct
1546 1065 1679 1134 cetera,
1696 1048 1859 1120 militiam
1880 1044 1961 1119 coeli
1976 1061 2095 1135 vomt,

501 1191 641 1240 morem
655 1169 839 1264 gentilium
853 1187 1009 1262 secutus,
1023 1174 1085 1270 qui
1099 1174 1150 1247 cis
1161 1188 1334 1270 tanquam
1348 1169 1548 1244 rectoribus
1558 1185 1594 1243 et
1606 1167 1871 1270 protectoribus
1883 1167 1956 1240 suis
1966 1166 2096 1239 immo·

500 1286 634 1361 labant.
653 1292 792 1363 Horum
814 1304 936 1364 autem
957 1296 1118 1366 Deorum
1142 1291 1429 1383 excellentiores,
1451 1292 1552 1388 juxta
1575 1287 1779 1380 Platonem,
1802 1310 1964 1359 summus
1980 1288 2094 1377 Deus,

499 1430 584 1480 cum
603 1409 649 1481 de
665 1410 847 1483 creatione
867 1410 1027 1485 hominis
1044 1412 1209 1485 facienda
1224 1410 1432 1509 alloquitur,
1454 1409 1556 1507 quasi
1573 1409 1697 1482 omnia
1715 1433 1794 1506 quae
1811 1407 1848 1480 in
1866 1405 1969 1478 terris
1988 1403 2098 1478 deor·

500 1551 581 1600 sum
596 1527 688 1602 liunt
703 1552 726 1601 a
741 1529 1004 1627 superioribus,
1024 1557 1089 1631 per
1110 1531 1268 1604 occultas
1288 1529 1513 1628 planetarum
1530 1551 1572 1600 ac
1588 1527 1748 1600 siderum
1764 1540 1909 1598 naturas
1924 1522 2096 1597 adminis-

498 1659 650 1719 trentur.
659 1649 711 1720 lta
720 1648 817 1720 onim
829 1647 951 1722 dicit':
965 1654 1088 1724 «Dum
1100 1655 1261 1722 Deorum
1273 1648 1443 1745 quaeritur
1454 1646 1586 1746 opifex,
1595 1645 1692 1718 idem
1701 1660 1875 1744 paterque
1884 1668 1971 1739 ego:
1985 1666 2096 1742 opera

499 1767 677 1866 siqnidem
694 1792 776 1841 mea
790 1768 1012 1843 dissolubilia
1027 1785 1169 1858 natura,
1185 1793 1244 1841 me
1260 1783 1380 1840 tamen
1397 1769 1446 1840 ita
1463 1766 1607 1839 volente
1624 1765 1899 1855 indissolubilia,
1919 1778 1989 1836 etc.
2004 1792 2023 1829 a
2041 1763 2095 1835 Ad

500 1887 572 1962 hoc
592 1903 629 1962 et
653 1888 743 1963 illud
769 1891 937 1991 pertinet,
961 1892 1062 1989 quod
1091 1893 1129 1963 in
1152 1907 1281 1963 octavo
1306 1887 1523 1962 decivitate
1548 1892 1620 1960 Dei
1640 1887 1687 1959 de
1711 1886 1902 1960 Platonicis
1926 1884 2093 1958 dicitur⁸:

502 2038 520 2075 ι
540 2011 918 2110 Omnium,inquiunt,
938 2012 1147 2085 animalium
1162 2012 1199 2083 in
1217 2009 1349 2106 quihus
1361 2025 1414 2082 est
1429 2010 1548 2082 anima
1566 2005 1761 2100 rationalis,
1780 2005 1955 2104 tripartita
1968 2002 2097 2077 divisio

499 2144 566 2222 est,
579 2131 618 2202 in
632 2128 738 2224 deos,
760 2131 947 2226 homines,
966 2132 1162 2206 daemones.
1180 2134 1342 2204 Deorum
1358 2128 1460 2201 sedes
1477 2142 1529 2201 est
1543 2130 1580 2201 in
1597 2127 1708 2220 coelo,
1727 2126 1919 2197 hominum
1933 2125 1971 2195 in
1987 2138 2093 2214 terra,

498 2246 537 2319 in
558 2272 641 2322 aere
659 2248 881 2323 daemonum.
897 2275 915 2316 u
933 2256 978 2323 Et
999 2251 1168 2324 Boethius
1184 2275 1292 2348 super
1304 2247 1577 2347 Porphyrium.-
1599 2245 1944 2343 «Quandocunque,
1963 2243 2093 2340 inquit,

496 2368 737 2470 supponimus
761 2374 879 2443 Deum
905 2373 1073 2466 animali,
1096 2369 1298 2445 secundum
1324 2393 1402 2443 eam
1426 2370 1638 2468 opinionem
1662 2366 1832 2461 iacimus,
1859 2390 1939 2464 quae
1964 2364 2096 2439 coelum

496 2488 686 2588 stellasque
707 2505 816 2590 atque
837 2490 936 2565 hunc
961 2492 1141 2567 mundum
1165 2505 1282 2565 totum
1307 2490 1507 2562 animatum
1532 2514 1609 2562 esse
1633 2486 1845 2581 confirmat,
1873 2510 1966 2584 quos
1987 2486 2097 2559 etiam

496 2606 651 2681 deorum
669 2612 818 2684 nomine
838 2612 1121 2713 appellaverunt.
1139 2642 1159 2682 ι
1179 2616 1308 2686 Beatus
1322 2636 1408 2685 vero
1424 2610 1641 2707 Augustinus
1650 2606 1750 2708 quod
1767 2606 1897 2678 dicitur
1910 2603 1956 2677 de
1969 2604 2045 2678 sole
2060 2621 2097 2678 et

495 2728 622 2801 ceteris
639 2728 843 2805 coelestibus
868 2733 1128 2829 luminaribus,
1149 2759 1379 2833 nequaquam
1404 2731 1566 2806 refellere
1591 2730 1719 2824 audet,
1746 2727 1810 2801 sed
1830 2724 1899 2799 sibi
1919 2725 2097 2799 incertum

496 2869 573 2919 esse
589 2846 802 2946 profitetur,
822 2865 945 2923 utrum
960 2852 1127 2926 videlicet
1148 2853 1298 2952 quidam
1318 2866 1475 2926 rectores
1500 2852 1646 2952 spiritus
1672 2849 1741 2922 illis
1764 2848 1896 2942 insint,
1918 2871 1984 2947 per
2004 2872 2097 2947 quos

495 2965 606 3038 ctiam
621 2966 858 3066 vivificentur,
874 2985 909 3043 et
923 2972 1023 3068 quod
1040 2972 1204 3046 mirabile
1219 2971 1316 3046 dictu
1330 2973 1484 3068 videtur,
1504 2972 1592 3045 dicit
1609 2971 1716 3043 etiam
1728 2993 1767 3042 se
1778 2969 1956 3068 ignorare,
1974 2980 2096 3040 utrum

495 3085 572 3159 haec
594 3111 740 3187 quoque
765 3090 969 3190 pertineant
987 3093 1035 3164 ad
1058 3094 1266 3166 societatem
1294 3118 1423 3166 eorum
1445 3116 1537 3191 quos
1559 3117 1627 3165 nos
1648 3090 1838 3164 Christiani
1867 3088 2015 3185 angelos
2039 3087 2097 3160 vel

496 3204 656 3279 coelestes
677 3208 822 3307 spiritus
845 3210 1010 3284 dicimus.
1036 3211 1142 3284 Unde
1162 3213 1199 3284 in
1216 3210 1447 3284 Enchiridion
1472 3213 1522 3285 ita
1542 3210 1674 3284 dicit⁸z
1700 3238 1719 3280 e
1741 3214 1871 3281 Utrum
1893 3206 2096 3308 archapgeli

494 3325 720 3425 appellentur
743 3330 916 3426 virtutes,
943 3346 980 3405 et
1002 3332 1090 3428 quid
1125 3333 1220 3404 intra
1241 3335 1303 3403 se⁸
1327 3331 1461 3404 distent
1486 3329 1589 3403 sedes
1611 3331 1685 3402 sive
1711 3327 1998 3416 dominationes,
2021 3326 2096 3399 sive

494 3445 728 3547 principatus,
744 3449 819 3521 sive
830 3464 1024 3549 potestates
1044 3476 1053 3521 z
1070 3450 1193 3525 dicant
1209 3452 1273 3551 qui
1290 3465 1454 3551 possunt,
1474 3451 1505 3523 si
1521 3463 1641 3523 tamen
1656 3461 1808 3547 possunt
1824 3447 1979 3546 probare
1996 3447 2096 3544 qnod

493 3563 633 3638 dicunt.
653 3569 730 3663 Ego
750 3593 810 3641 me
828 3569 896 3643 ista
918 3571 1085 3667 ignorare
1101 3570 1290 3669 profiteor.
1309 3570 1381 3644 Sed
1398 3595 1466 3643 nec
1482 3569 1578 3643 istud
1595 3582 1733 3641 certum
1750 3565 1889 3659 habeo,
1911 3581 2032 3638 utrum
2049 3566 2096 3639 ad

494 3684 659 3757 eamdem
676 3687 883 3760 societatem
899 3691 1101 3787 pertineant
1123 3691 1178 3763 sol
1194 3704 1231 3762 et
1246 3691 1346 3783 luna,
1365 3704 1401 3762 et
1422 3705 1539 3762 cetera
1562 3689 1701 3784 sidera,
1725 3686 1888 3785 quamvis
1909 3683 2096 3757 nonnullis

493 3802 615 3877 lucide
634 3828 711 3878 esse
726 3829 902 3905 corpora,
917 3831 992 3880 non
1010 3833 1093 3880 oum
1112 3833 1218 3882 sensu
1240 3810 1318 3882 vel⁶
1333 3810 1563 3905 intelligentia
1580 3809 1784 3882 videantur.
1802 3835 1821 3874 u
1840 3810 1891 3877 Nc
1906 3805 1987 3903 quis
2003 3802 2096 3878 forte

493 3924 603 3997 sacris
620 3923 781 3997 eruditus
796 3924 923 3999 litteris
938 3926 1133 4000 abhorreat
1148 3928 1325 4002 llermetis
1345 3929 1554 4029 philosophi
1575 3927 1699 4022 verba,
1719 3926 1852 4027 quibus
1867 3923 2033 3998 videlicet
2047 3927 2097 3997 ait

494 4043 541 4118 de
553 4047 633 4117 Deo
649 4058 771 4142 patre:
794 4045 896 4133 «Qui
912 4047 1112 4120 secundum
1126 4047 1248 4120 fecerit
1258 4049 1472 4142 Dominum,
1486 4048 1560 4120 hoc
1576 4061 1631 4120 est
1643 4048 1806 4144 genuerit
1819 4044 1957 4134 fitium,
1973 4074 1992 4111 ι
2010 4068 2095 4117 cum

494 4163 656 4264 profecto
672 4167 770 4237 Deus
786 4163 881 4238 filius
896 4190 919 4239 a
936 4169 1014 4240 Deo
1034 4182 1136 4268 patre
1157 4192 1225 4242 nec
1242 4166 1355 4241 factus
1374 4192 1441 4241 nec
1459 4182 1613 4262 creatus,
1634 4166 1697 4239 sed
1716 4180 1855 4239 tantum
1874 4165 1919 4237 sit
1934 4163 2092 4261 genitus,

494 4285 582 4358 sciat
611 4284 722 4358 etiam
755 4308 778 4357 a
812 4284 998 4361 catholicis
1027 4302 1064 4361 et
1089 4289 1222 4361 sanctis
1247 4286 1460 4361 doctoribus
1490 4288 1604 4361 multa
1632 4286 1679 4360 de
1708 4285 1837 4359 eadem
1866 4283 2096 4382 generatione

495 4405 656 4478 similiter
679 4404 825 4478 abusive
849 4405 1010 4506 prolata,
1046 4432 1130 4481 cnm
1156 4431 1423 4506 nonnunquam
1441 4411 1583 4481 Putrem
1606 4420 1791 4480 auctorem
1814 4404 1904 4498 Filii,
1927 4402 1985 4477 vel
2010 4427 2097 4476 eum

494 4548 715 4622 procreasse,
733 4524 790 4598 vel
808 4525 970 4600 Filiuma
987 4530 1090 4600 Patre
1104 4527 1312 4619 formatum,
1330 4528 1564 4627 ipsiusPatris
1581 4551 1657 4600 esse
1670 4524 1838 4599 ellectum
1849 4523 1997 4597 abusive
2009 4545 2097 4621 pro·

495 4646 674 4719 nuntient.
693 4644 800 4719 Unde
821 4646 974 4721 Hilarius
994 4646 1039 4720 de
1058 4650 1255 4738 Trinitate,
1276 4645 1341 4721 lib.
1361 4651 1454 4720 111²:
1477 4679 1495 4715 e
1515 4647 1724 4722 Secundum
1749 4642 1964 4744 Apostolum
1994 4643 2097 4740 quia·

497 4796 516 4832 α
532 4767 569 4839 in
586 4764 728 4839 Christo
743 4763 922 4840 inhabitat
938 4767 1058 4843 omnis
1073 4766 1262 4866 plenitudo
1279 4766 1475 4841 divinitatis
1492 4766 1754 4878 corporaliter‘,
1768 4795 1787 4832 ι
1805 4762 1871 4837 sed
1888 4763 2098 4861 incompre-

527 4993 625 5058 ¹tom.,
645 5008 699 5059 erp.
721 5007 741 5058 r,
759 5009 782 5046 r.
803 4994 938 5047 tt.-’ln
958 4993 1060 5048 Timeo.
1073 4994 1188 5046 -tltb
1202 4991 1268 5057 vm,
1321 4993 1394 5045 inb.
1409 4994 1468 5045 Non
1483 5006 1605 5046 marram
1624 4992 1674 5047 vet.
1687 4989 1810 5054 -²Can·
1833 5001 1876 5052 ¹¹¹,
1889 4988 1969 5053 01111.
1987 4986 2095 5046 mnu.

495 5088 549 5141 erp.
561 5086 615 5126 nv.
634 5073 713 5139 opp,
728 5082 748 5125 t.
761 5072 819 5138 vlt,
831 5076 878 5125 cot.
892 5075 949 5125 2⁰2.
962 5070 1077 5138 -fflep
1094 5082 1169 5131 nun,
1191 5071 1269 5136 ⁰119„
1323 5074 1393 5133 1695,
1405 5073 1499 5136 total,
1509 5073 1557 5125 rol.
1569 5077 1625 5127 tut.
1638 5099 1669 5113 -
1682 5076 1692 5108 ⁸
1704 5071 1773 5135 Quia
1783 5072 1854 5122 deest
1868 5081 1909 5132 ap.
1927 5067 2055 5119 littartnm.
2065 5093 2097 5105 —

497 5143 1288 5221 bibent.218.-⁸laa·=1nteree.-⁰llaletegent'
1339 5148 1484 5206 cotom
1503 5167 1585 5217 ,ιιι
1603 5156 1628 5207 9.
