4559 6100
901 532 1136 611 Drahonus.
1701 566 1704 573 ⁴
1746 533 1820 608 ott

221 728 366 804 quoqne
384 718 501 777 vester
520 703 619 802 prins
635 714 671 776 et
685 717 809 803 postea
826 716 949 777 noster
964 702 1184 801 Augustinus
1205 715 1360 776 mortem
1383 701 1515 776 malam
1533 704 1670 777 astruit.
1693 704 1823 778 «Sicut

218 824 295 918 lex,
311 857 328 892 a
347 825 484 923 inquit,
505 848 612 896 anon
638 838 691 897 est
709 823 864 911 malum,
891 823 1064 921 quoniam
1086 835 1195 919 auget
1215 823 1441 921 peooantinm
1463 824 1818 923 concupiscentiam,

220 944 269 1017 ita
291 968 359 1016 nec
381 968 483 1017 mors
498 942 638 1017 bonum
656 958 709 1016 est
730 944 904 1042 quoniam
921 956 1028 1039 auget
1042 941 1257 1041 patientium
1278 941 1428 1038 gloriam
1443 956 1480 1014 et
1499 940 1611 1014 efficit
1630 957 1818 1040 martyres.

221 1068 291 1135 Lex
315 1063 461 1161 quidem
484 1063 582 1137 bona
598 1079 671 1154 est,
692 1064 778 1162 quia
800 1061 996 1164 prohibitio
1013 1076 1067 1136 est
1087 1061 1238 1160 peccati.
1257 1063 1356 1133 Mors
1376 1075 1497 1133 autem
1513 1060 1632 1151 mala,
1654 1061 1739 1159 quia
1762 1062 1820 1134 sti·

220 1183 394 1280 pendium
421 1185 573 1282 pcccati.
598 1184 668 1258 Sed
697 1182 1009 1281 quemadmodum
1035 1181 1157 1279 injusti
1185 1179 1278 1279 male
1305 1181 1414 1254 etiam
1443 1195 1593 1255 utuntur
1615 1181 1742 1275 honis,
1772 1182 1822 1255 ita

219 1302 327 1374 etiam
350 1302 436 1399 justi
452 1302 547 1376 bene
563 1317 713 1376 utuntur
730 1305 844 1378 malis.
869 1304 963 1377 Hinc
986 1301 1026 1375 fit
1040 1313 1082 1373 ut
1099 1316 1135 1374 et
1159 1300 1243 1376 mali
1261 1300 1355 1374 male
1373 1300 1450 1399 lege
1468 1317 1638 1393 utantur,
1656 1303 1821 1400 quamvis

220 1421 264 1493 sit
280 1420 335 1494 lex
352 1421 508 1508 bonum,
527 1438 562 1496 et
578 1422 668 1496 boni
685 1423 781 1497 bene
796 1424 1010 1516 moriantur,
1029 1420 1195 1520 quamvis
1210 1421 1255 1495 sit
1271 1445 1369 1494 mors
1387 1421 1534 1495 malum.
1550 1452 1568 1487 υ

270 1545 412 1614 Primos.
432 1547 614 1644 Quorsum
630 1541 783 1615 obsecro
799 1540 894 1616 ista?

268 1664 472 1736 Qmsmr.
498 1667 544 1735 Ut
561 1687 642 1736 eam
659 1664 809 1762 inquam
831 1661 1018 1737 meliorem
1039 1686 1116 1735 esse
1132 1662 1245 1736 vitam
1266 1661 1464 1760 intelligas,
1484 1687 1594 1759 qnam
1616 1676 1653 1734 et
1675 1661 1722 1734 ab
1745 1663 1821 1735 istis

219 1780 322 1853 malis
346 1783 499 1855 omnino
516 1796 658 1857 constat
673 1807 749 1857 esse
767 1784 983 1874 immunem,
1003 1796 1041 1854 et
1056 1784 1236 1854 intantum
1252 1805 1274 1854 a
1289 1796 1439 1880 peccato
1457 1806 1607 1880 prorsus
1623 1796 1815 1873 remotam,

220 1913 360 1971 utnon
385 1900 504 1974 solum
522 1900 570 1974 ihi
590 1916 666 1974 no‘n
692 1916 873 2001 peccetur,
896 1900 960 1974 sed
985 1924 1054 1973 nec
1075 1901 1217 2000 peccari
1239 1902 1365 1999 possit.
1388 1903 1476 1989 Quae
1501 1902 1570 1973 nisi
1595 1901 1724 1974 melior
1747 1903 1821 1977 vita

218 2034 391 2118 prasente
416 2023 461 2095 sit
486 2037 548 2096 aut
575 2022 688 2119 magis
705 2023 863 2122 placeat,
890 2021 1019 2095 frustm
1044 2034 1098 2094 est
1119 2021 1158 2093 iu
1184 2020 1420 2094 retributione
1444 2021 1574 2119 posita.
1604 2022 1667 2093 Sin
1697 2035 1820 2095 autem

220 2141 331 2236 magis
348 2141 465 2238 placet
484 2166 552 2213 nec
568 2142 696 2214 melior
719 2156 793 2234 est,
811 2139 1101 2215 irrationabiliter
1121 2140 1207 2213 huic
1226 2138 1425 2239 praesertur,
1446 2156 1482 2219 et
1496 2142 1560 2239 qui
1579 2164 1661 2213 eam
1678 2140 1821 2214 deside·

220 2271 302 2331 rant
317 2257 509 2333 indiscrete
525 2276 648 2359 agunt.

267 2382 406 2451 Panos.
437 2382 561 2472 Certe,
583 2394 622 2453 ut
638 2378 915 2470 verumtaten,
938 2403 1037 2451 nunc
1064 2393 1100 2452 te
1124 2379 1285 2478 primum
1306 2378 1568 2478 philosophum
1591 2380 1819 2478 comperior,

218 2520 286 2569 neo
307 2512 384 2571 tam
399 2498 594 2572 manifestae
610 2500 742 2572 rationi
758 2499 987 2599 impudenter
1007 2501 1178 2573 convenit
1194 2499 1386 2572 adversari.
1406 2498 1477 2573 Sed
1499 2498 1550 2572 ihi
1569 2500 1820 2599 potiusquam

217 2615 296 2706 bio,
319 2616 422 2714 juxta
442 2621 666 2717 propositam
692 2621 869 2693 rationem
890 2634 1011 2711 tuam,
1039 2643 1223 2692 summum
1250 2633 1303 2692 est
1327 2619 1486 2693 hominis
1505 2619 1644 2693 bonum
1671 2644 1819 2720 exspec-

217 2736 384 2810 tandum.
410 2741 455 2811 Et
480 2739 638 2812 fortassis
658 2740 731 2812 hoc
756 2739 823 2813 suit
849 2740 992 2839 Epicuri
1018 2740 1196 2812 sententia
1221 2764 1404 2812 summum
1428 2737 1570 2812 bonum
1599 2740 1821 2838 voluptatem

217 2855 388 2951 dicentis,
412 2859 587 2956 quoniam
613 2858 779 2932 videlicet
805 2873 904 2933 unta
923 2872 980 2933 est
1000 2858 1129 2947 animae
1150 2857 1387 2957 tranquillitas
1413 2873 1454 2932 ut
1473 2883 1541 2931 nec
1565 2859 1719 2933 exterius
1739 2884 1819 2934 eam

216 2977 414 3078 corporalis
438 2977 608 3073 afflictio,
632 3003 699 3052 nec
721 2977 870 3054 interius
889 2992 1048 3055 mentem
1072 2977 1193 3077 aliqua
1217 2978 1353 3077 peccati
1379 2979 1598 3054 conscientia
1622 2980 1817 3079 inquietet,

218 3096 275 3169 vel
293 3099 419 3170 vitium
436 3097 567 3189 obstet,
583 3114 624 3172 ut
640 3101 778 3199 optima
794 3101 872 3197 ejus
884 3100 1052 3172 voluntas
1067 3099 1221 3171 omnino
1236 3099 1483 3198 compleatur?
1497 3099 1683 3188 Quamdiu
1698 3115 1821 3175 autem

217 3216 392 3289 voluntati
405 3231 535 3289 nostrae
552 3218 688 3317 aliquid
703 3218 856 3312 obsistit,
876 3220 932 3290 vel
949 3218 1062 3307 deest,
1078 3240 1162 3289 vera
1176 3216 1365 3291 beatitudo
1381 3241 1612 3315 nequaquam
1629 3233 1694 3290 est.
1712 3220 1821 3308 Quod

216 3336 344 3432 utique
355 3360 496 3436 semper
511 3339 643 3432 evenit,
662 3338 751 3411 dum
761 3337 823 3410 hic
836 3338 980 3429 vivitur,
998 3352 1035 3410 et
1049 3337 1172 3410 anima
1188 3337 1320 3410 terreni
1336 3338 1499 3437 corporis
1515 3340 1612 3411 mole
1624 3354 1766 3435 gravata
1783 3355 1820 3414 et

111 3463 116 3470 '
218 3456 322 3553 quasi
335 3479 478 3531 carcere
492 3456 654 3554 quodam
669 3457 853 3552 conclusa,
872 3481 956 3531 vera
972 3481 1048 3530 non
1066 3456 1195 3529 lruitur
1211 3453 1387 3529 libertate.
1407 3456 1497 3544 Quis
1512 3457 1610 3529 onim
1624 3458 1820 3557 aliquando

216 3598 293 3647 nou
303 3574 481 3649 desideret
492 3578 649 3650 calorem
658 3576 747 3651 dum
758 3577 911 3650 nimium
921 3577 1037 3676 friget,
1048 3577 1105 3652 vel
1117 3599 1338 3669 econverso,
1350 3589 1412 3647 aut
1421 3599 1589 3648 serenum
1599 3576 1688 3650 dum
1696 3579 1821 3678 pluvia

218 3709 398 3791 gravmur,
414 3711 475 3768 aut
488 3696 535 3769 ad
547 3721 649 3770 esum
657 3696 715 3770 vel
724 3696 979 3770 indumentum
987 3720 1082 3796 saepe
1091 3694 1248 3794 amplius
1258 3719 1369 3794 quam
1378 3694 1530 3768 habeat?
1539 3698 1821 3772 Innumerabilia

216 3827 354 3887 suntet
370 3813 440 3888 alia
454 3840 546 3913 quae,
565 3816 595 3888 si
611 3816 807 3891 manifestae
821 3817 962 3889 veritati
976 3841 1052 3889 non
1070 3815 1288 3909 resistamus,
1307 3812 1415 3888 nobis
1428 3814 1638 3889 uolentibus
1653 3817 1821 3916 ingerun-

217 3945 289 4020 tur,
299 3933 356 4007 vel
366 3933 571 4009 volentibus
580 3936 816 4035 denegantur.
828 3938 864 4009 Si
873 3952 1008 4028 autem,
1022 3951 1107 4009 utse
1119 3936 1212 4010 ratio
1221 3933 1344 4029 habet,
1358 3934 1447 4010 illud
1457 3937 1537 4009 vitae
1546 3935 1672 4010 futurae
1679 3935 1836 4014 bouum‘

217 4052 324 4126 nobis
341 4079 526 4128 summum
541 4056 793 4132 estimandum
808 4072 880 4151 est,
899 4071 989 4157 puto
1007 4057 1102 4130 viam
1122 4080 1196 4155 qua
1211 4056 1298 4130 illuc
1315 4057 1536 4156 peruenitur,
1556 4057 1705 4154 virtptes
1723 4082 1816 4151 esse,

215 4171 415 4269 quibushic
424 4173 659 4250 adornamur.
672 4181 725 4251 De
732 4177 866 4277 quibus
876 4176 1113 4277 postmodum
1122 4175 1328 4275 diligentius
1342 4174 1447 4248 nobis
1457 4175 1720 4250 conterendum
1735 4181 1816 4252 erit.

264 4295 470 4368 Cumanas.
494 4300 586 4369 Ecce
600 4295 647 4370 ad
668 4296 741 4369 hoc
755 4297 950 4396 disputatio
966 4313 1090 4372 nostra
1111 4295 1287 4397 perducta
1304 4311 1379 4387 est,
1402 4308 1444 4367 ut
1464 4319 1647 4368 summum
1661 4296 1819 4371 hominis

212 4410 373 4504 bonum,
394 4414 468 4486 sive
486 4415 630 4513 ipsum,
652 4433 691 4489 ut
707 4417 932 4513 dictumest,
958 4417 1076 4492 finem·
1090 4417 1201 4508 boni,
1221 4417 1346 4489 futurae
1363 4415 1442 4487 vitae
1459 4413 1743 4510 beatitudinem,
1766 4434 1815 4508 et,

214 4553 286 4627 qua
308 4531 393 4603 illuc
415 4535 637 4631 pervenitur,
659 4536 752 4608 viam
771 4539 921 4612 virtutes
940 4562 1134 4637 ponamus.
1162 4535 1235 4612 Sed
1259 4535 1358 4634 prius
1379 4533 1428 4608 de
1452 4533 1526 4607 hoc
1550 4536 1816 4612 summobono

213 4662 388 4743 nusum,
416 4650 453 4723 id
479 4668 533 4725 est
555 4653 807 4750 christianam,
832 4681 918 4730 cum
939 4657 1068 4731 vestris
1093 4655 1259 4729 conferre
1286 4652 1373 4726 volo
1398 4653 1644 4754 disciplinam,
1668 4671 1709 4732 ut
1733 4681 1813 4755 quae

214 4767 322 4867 hujus
337 4768 427 4843 boni
447 4771 650 4847 doctrinam
667 4774 722 4847 vel
741 4774 1028 4849 exhortationem
1047 4775 1161 4848 habet
1180 4773 1400 4866 uberiorem,
1424 4788 1608 4874 tamquam
1625 4775 1816 4875 perfectius

214 4887 389 4962 habeatur
412 4905 447 4964 et
475 4892 508 4965 ei
533 4893 687 4993 amplius
715 4893 1011 4993 obtemperetur;
1040 4894 1088 4969 de
1113 4894 1222 4968 veteri
1248 4908 1370 4968 autem
1402 4892 1578 4992 legeque
1603 4894 1715 4969 Judaei
1737 4899 1814 4996 glo·

214 5009 367 5103 riantur,
388 5026 423 5084 te
441 4994 577 5111 optime
594 5013 777 5089 arbitraris
792 5019 1024 5111 monstrasse,
1041 5014 1181 5088 nullum
1198 5014 1247 5088 ibi
1264 5015 1451 5115 praemium
1465 5014 1572 5112 hujus
1585 5013 1815 5090 beatitudinis

214 5135 432 5230 promissum
448 5135 567 5232 luisse,
586 5163 655 5213 uec
671 5138 757 5214 inde
770 5140 929 5240 aliquam
945 5138 997 5215 ibi
1012 5139 1302 5214 exhortationem
1313 5135 1513 5212 adhibitam
1526 5163 1616 5213 esse.
1636 5143 1815 5216 Dominus
