4559 6100
735 524 996 599 THEOLOGIA
1029 527 1308 602 ClllllS‘llANA.
1751 535 1824 607 423

220 677 462 775 Hieronymus
485 674 663 775 perhibet,
689 689 767 749 tum
788 677 875 775 quia
897 677 1004 749 ineis
1029 677 1165 752 nullam
1182 677 1388 775 judicarent
1408 678 1572 776 gloriam,
1597 705 1677 778 quae
1706 697 1780 758 tam
1802 709 1824 756 a

220 798 383 896 pessimis
401 820 510 894 quam
536 795 583 869 ab
604 796 751 895 optimis
770 796 855 868 viris
877 794 1052 896 possideri
1074 797 1226 897 possint,
1253 812 1290 870 et
1312 798 1578 896 iniquissimum
1602 825 1679 874 esse
1706 816 1821 876 atton·
1896 859 1898 864 -

221 916 346 990 derent
366 917 464 990 illam
480 915 631 989 humani
648 916 759 990 animi
776 915 1036 1008 excellentiam,
1054 931 1091 990 et
1104 916 1237 1020 ¹divinae
1255 917 1366 990 decus
1379 918 1544 1016 imaginis
1561 917 1669 992 rebus
1687 921 1822 995 infimis

221 1050 256 1109 et
281 1035 426 1109 caducis
455 1035 582 1127 suhdi;
608 1050 685 1109 tum
714 1037 800 1133 quia
823 1035 890 1110 bas
916 1036 1177 1137 impedimento
1202 1061 1279 1110 esse
1303 1038 1553 1136 prasentirent
1578 1038 1624 1111 ad
1649 1040 1821 1131 studium,

221 1157 295 1229 sive
318 1155 365 1228 ad
385 1180 478 1228 verae
491 1155 724 1229 beatitudinis
740 1157 1023 1256 perceptionem,
1049 1158 1152 1256 quasi
1162 1158 1238 1255 jam
1258 1171 1344 1229 tunc
1361 1158 1398 1229 in
1419 1158 1504 1257 ipsis
1520 1157 1747 1259 philosophis
1764 1160 1824 1234 illa

222 1277 387 1349 Veritatis
408 1275 614 1376 praedicatio
637 1276 784 1349 diceret¹
809 1304 818 1351 ε
843 1277 951 1350 «Nisi
972 1279 1053 1376 quis
1069 1279 1333 1354 renunciaverit
1353 1278 1524 1353 omnibus
1540 1304 1619 1377 quae
1640 1280 1822 1379 possidet,

223 1420 298 1468 non
324 1410 442 1494 potest
462 1420 564 1469 meus
588 1420 665 1469 esse
688 1394 932 1495 discipulus.»
963 1402 1007 1470 Et
1027 1398 1203 1473 iterum¹:
1226 1400 1339 1470 «Non
1362 1399 1511 1497 potestis
1528 1398 1661 1471 servire
1685 1403 1762 1473 Deo
1780 1418 1825 1484 ,et

222 1520 449 1588 Mammonae.
471 1543 488 1583 n
519 1518 685 1604 Quorum
715 1517 864 1615 quidem
893 1542 987 1590 unus
1016 1518 1205 1617 diligenter
1231 1517 1441 1609 attendens,
1472 1517 1562 1615 quid
1593 1516 1714 1602 distet
1733 1521 1827 1592 inter

223 1635 358 1709 habere
374 1635 579 1735 pecuniam,
608 1650 644 1707 et
665 1638 798 1710 servire
823 1638 997 1736 pecuniae,
1021 1638 1124 1735 juxta
1149 1637 1249 1735 quod
1275 1652 1313 1710 et
1329 1635 1514 1709 Psalmista
1536 1639 1628 1711 ait⁸z
1654 1639 1826 1712 «Divitiae

223 1754 252 1825 si
270 1753 431 1845 affluunt,
451 1754 562 1827 nolite
578 1779 643 1828 cor
660 1780 858 1857 apponere,
876 1789 893 1825 r
914 1759 1007 1832 inter
1023 1773 1150 1834 caetera
1166 1758 1331 1831 meminit
1346 1755 1470 1832 dicens
1489 1785 1498 1828 ε

490 1993 532 2058 Et
545 1991 624 2059 mibi
640 2016 703 2074 res,
722 2015 789 2058 uou
807 2016 860 2060 me
877 1993 972 2058 rebus
987 2014 1169 2084 supponere
1185 2015 1297 2075 conor,

224 2255 264 2312 ut
282 2240 445 2314 videlicet
461 2265 529 2339 ego
540 2243 625 2342 ipsis
639 2243 819 2337 dominer,
837 2270 912 2317 non
926 2245 1010 2344 ipsae
1020 2244 1122 2339 mibi,
1141 2244 1261 2343 aliqua
1273 2245 1328 2318 sui
1342 2246 1540 2318 ambitione
1553 2259 1706 2343 eaptoct
1716 2270 1828 2342 usque

225 2360 273 2433 ad
296 2362 416 2435 illicita
441 2377 636 2462 pertracto.
658 2365 749 2437 ilinc
773 2380 827 2437 est
847 2365 906 2437 illa
922 2365 1133 2464 Hieronymi
1150 2364 1199 2437 ad
1226 2366 1410 2440 lulianum
1433 2365 1665 2439 exhortatio:
1689 2396 1706 2432 u
1731 2368 1827 2437 Con·

224 2482 355 2553 temnis
381 2480 531 2555 aurum!
555 2497 825 2557 contemserunt
849 2499 885 2558 et
907 2483 1034 2557 mundi
1060 2484 1282 2584 philosophi,
1307 2484 1479 2584 equibus
1501 2510 1608 2575 unus,
1633 2498 1674 2557 ut
1690 2499 1828 2557 ceteros

222 2601 361 2696 sileam,
393 2602 587 2676 multarum
614 2605 885 2703 possessionum
911 2604 1069 2704 pretium
1090 2604 1242 2705 projecit
1258 2604 1295 2692 in
1311 2606 1457 2705 pelagus
1474 2632 1482 2676 :
1500 2604 1653 2695 «Abite,
1682 2602 1824 2693 dicens,

225 2752 246 2790 «
270 2722 307 2793 in
333 2722 555 2822 profundum
580 2723 681 2797 rnalae
697 2723 930 2824 cupiditates,
948 2749 1016 2823 ego
1032 2749 1098 2796 vos
1114 2749 1291 2822 mergam,
1311 2750 1358 2797 ne
1376 2727 1454 2825 ipse
1472 2748 1614 2822 mergar
1634 2721 1786 2798 avohis.
1808 2757 1825 2790 s

222 2847 345 2932 Quem
366 2842 515 2942 quidem
541 2845 579 2916 in
606 2844 768 2917 mcundo
793 2847 930 2917 Contra
945 2845 1176 2916 Jovirniznum
1201 2869 1244 2916 ex
1269 2846 1419 2918 nomine
1446 2844 1588 2917 videtur
1603 2845 1825 2944 exprimere,

221 2960 290 3034 ubi
307 2961 354 3035 de
371 2987 495 3036 amore
518 2962 627 3036 studii
652 2962 955 3066 philosophorum
976 2962 1138 3062 loquitur
1155 2963 1306 3037 dicens:
1332 2963 1558 3053 «Quosdam
1582 2963 1734 3061 legimus
1762 2962 1829 3035 sibi

117 3139 124 3147 .
223 3082 393 3157 effodisse
421 3083 561 3174 oculos,
591 3109 638 3156 ne
658 3108 729 3184 -per
753 3109 881 3157 eorum
909 3085 1026 3157 visum
1053 3109 1075 3157 a
1101 3085 1407 3184 contemplatione
1432 3083 1673 3184 philosophie
1698 3106 1851 3165 avoca,

225 3217 363 3276 rentur.
377 3203 481 3276 Unde
496 3216 533 3276 et
546 3207 668 3276 Crates
682 3203 741 3276 ille
755 3203 960 3296 Thebanus,
978 3203 1140 3302 projecto
1157 3206 1195 3275 in
1212 3226 1311 3297 mare
1327 3227 1403 3275 non
1419 3227 1533 3301 parvo
1549 3202 1628 3275 auri
1640 3201 1824 3300 pondere:

226 3353 246 3392 «
262 3323 381 3415 Abite,
400 3323 530 3420 inquit,
551 3346 695 3423 pessum
712 3322 814 3395 malae
830 3321 1057 3422 cupiditates,
1082 3346 1150 3418 ego
1178 3347 1244 3394 vos
1268 3346 1442 3417 mergam,
1470 3345 1517 3392 ne
1545 3323 1620 3420 ipse
1642 3344 1782 3417 mergar
1805 3346 1828 3393 a

222 3441 382 3514 vobis.»
412 3442 513 3516 ldem
538 3443 577 3514 in
600 3441 731 3515 eodem
757 3469 765 3513 ε
793 3440 1051 3539 «Pythagorae,
1076 3441 1245 3529 Socratis,
1273 3439 1511 3532 Antisthenis,
1543 3455 1579 3512 et
1605 3440 1827 3538 reliquorum

224 3561 465 3659 frugalitatem
491 3561 660 3643 referrem
683 3562 721 3633 in
742 3560 993 3634 confusionem
1014 3572 1195 3650 nostram,
1221 3559 1290 3631 nisi
1305 3573 1341 3631 et
1361 3558 1510 3657 longum
1532 3574 1624 3631 esset
1639 3574 1676 3631 et
1691 3560 1829 3658 proprii

225 3684 349 3782 operis
374 3682 562 3780 indigeret.
588 3683 654 3754 Hic
680 3696 777 3755 certe
802 3694 856 3753 est
879 3679 1107 3769 Antisthenes
1128 3680 1191 3778 qui
1215 3704 1298 3752 cunr
1321 3678 1476 3777 gloriose
1498 3678 1677 3752 docuisset
1700 3679 1830 3753 Rheto-

225 3804 364 3891 ricam,
386 3802 614 3901 audissetque
632 3803 831 3895 Socratem,
850 3800 982 3873 dixisse
999 3798 1110 3873 fertur
1123 3799 1171 3872 ad
1187 3796 1382 3899 discipulos
1398 3824 1506 3873 suos:
1528 3829 1546 3868 «
1560 3799 1679 3892 Abite,
1699 3814 1735 3871 et
1752 3823 1829 3872 ma-

226 3924 411 4022 «gistrum
427 3923 587 4022 quaerite,
599 3947 666 4020 ego
680 3923 778 3994 enim
793 3921 923 4020 reperi.
943 3949 960 3987 n
976 3920 1175 4019 Statimque
1190 3919 1344 3993 venditis
1355 3945 1435 4019 quae
1445 3917 1616 4012 habebat,
1634 3936 1669 3993 et
1686 3918 1830 4019 publice

223 4043 446 4132 distributis,
477 4040 568 4114 nihil
599 4041 667 4114 sibi
701 4042 892 4142 plusquam
922 4038 1107 4140 palliolum
1140 4040 1345 4113 reservavit.
1379 4042 1673 4140 Paupertatisque
1697 4038 1774 4135 ejus
1794 4054 1830 4111 et

221 4163 363 4239 laboris
374 4178 410 4237 et
425 4160 632 4260 Xenophon
648 4163 745 4236 testis
761 4177 814 4235 est
830 4162 867 4233 iu
894 4142 1107 4261 Symposio,
1121 4175 1157 4233 et
1172 4156 1452 4233 innumerabiles
1465 4159 1549 4231 libri
1562 4160 1653 4257 ejus3
1673 4183 1831 4256 quorum

219 4285 320 4358 alios
339 4282 572 4382 philosopho,
597 4280 686 4365 alios
708 4280 890 4354 rhetorico
907 4305 1038 4378 genere
1063 4280 1288 4379 conscripsit.
1309 4280 1424 4378 Hujus
1440 4279 1619 4377 Diogenes
1640 4278 1698 4351 ille
1716 4278 1831 4351 lamo·

221 4404 389 4477 sissimus
407 4416 561 4475 sectator
577 4401 656 4491 fuit,
676 4402 859 4500 potentior
875 4425 960 4499 rege
972 4399 1184 4489 Alexandro,
1203 4413 1238 4472 et
1255 4414 1390 4471 uatrrrae
1408 4398 1575 4472 humanae
1593 4399 1720 4471 victor.
1741 4402 1831 4471 Nam

220 4548 315 4596 cum
338 4521 599 4623 discipulorum
625 4521 852 4594 Antisthenes
882 4520 1020 4594 nullum
1047 4520 1234 4620 reciperet,
1260 4533 1295 4590 et
1320 4533 1607 4617 perseverantem
1630 4518 1830 4614 Diogenem

220 4667 418 4717 removere
431 4667 505 4715 non
527 4655 661 4742 posset,
682 4641 875 4713 novissime
891 4641 991 4713 clava
1008 4640 1166 4713 minatus
1182 4652 1236 4711 est
1251 4638 1320 4711 nisi
1336 4636 1463 4710 abiret.
1483 4638 1549 4710 Cui
1565 4637 1624 4711 ille
1640 4636 1831 4734 subjecisse

219 4764 364 4837 dicitur
378 4777 500 4862 caput,
518 4776 627 4860 atque
641 4760 793 4834 dixisse:
809 4758 960 4833 «Nullus
971 4774 1044 4832 tarn
1057 4759 1171 4831 durus
1184 4756 1424 4851 baculuserit,
1445 4759 1507 4856 qui
1524 4783 1621 4831 mea
1638 4774 1701 4830 tuo
1719 4756 1831 4855 possit

218 4883 409 4980 obsequio
426 4905 604 4982 separare.
619 4909 638 4950 n
658 4879 774 4953 Refert
783 4882 931 4978 Satyrus
941 4878 1003 4978 qni
1018 4878 1211 4951 illustrium
1223 4877 1383 4951 virorum
1397 4877 1522 4950 scribit
1537 4877 1716 4970 historias,
1731 4872 1830 4973 quod

258 5159 355 5219 thoe,
367 5172 422 5223 cap.
432 5170 488 5224 rut,
501 5171 525 5211 r.
541 5161 581 5211 tt.
595 5183 623 5197 -
637 5156 728 5209 ’ilatth
742 5168 816 5222 ,cap
826 5168 862 5220 rr,
874 5169 897 5207 r.
912 5158 954 5208 tt.
964 5150 1130 5215 -tPrntrn,
1149 5164 1198 5214 tu,
1211 5167 1234 5204 r.
1250 5156 1286 5204 n.
