4559 6100
456 526 530 594 rut
752 457 761 482 ι
1053 515 1182 586 rent!
1207 515 1441 588 Asnaum

455 671 540 768 quia
552 667 725 741 cossolos
737 662 1341 759 hoecrecnnciliatiocnntiugit,qui
1353 687 1433 733 cem
1446 661 2043 762 medidenmtetexspectaremnt.

457 783 1049 878 «Adouensionemsuaejustit'xe,
1070 780 1495 877 »idestcxritatis,qoae
1519 807 1600 872 nos,
1629 798 1670 853 ut
1698 782 1837 854 dictum
1859 799 1925 862 est,
1949 786 2046 883 apud

455 904 734 1003 eumjustilicat,
749 900 1400 990 idest‚adexbibendamnobissuam
1413 901 2046 990 ddectionem,reladinsinnandum

456 1025 563 1098 uobis
577 1038 851 1122 ‹luantumeum
866 1020 1013 1117 diligere
1025 1017 1235 1108 debeamus,
1255 1021 1318 1116 qui
1331 1022 1480 1118 propn'o
1496 1020 1585 1092 lilio
1609 1046 1676 1092 suo
1701 1046 1778 1093 non
1795 1024 1957 1119 pepercit
1979 1047 2047 1120 pro

458 1144 575 1217 nobis.
597 1174 616 1212 a
634 1147 782 1242 Propter
805 1141 1068 1229 menonem,
1085 1169 1105 1204 ι
1119 1138 1158 1211 id
1179 1155 1249 1231 est,
1268 1155 1310 1211 ut
1324 1164 1390 1238 per
1405 1140 1501 1212 hanc
1512 1141 1701 1235 jusririm,
1721 1141 1759 1212 id
1776 1155 1831 1212 est
1846 1143 2044 1228 muman,

458 1264 704 1336 remissionem
719 1274 949 1360 peccatorum
965 1282 1212 1357 assequamur,
1235 1274 1272 1331 et
1285 1261 1377 1331 rictu
1399 1283 1466 1357 per
1479 1260 1707 1356 semetipsam
1720 1261 1860 1332 Veritas
1877 1259 1924 1331 de
1942 1259 2045 1331 beata

458 1382 653 1480 peccatrice
666 1381 717 1452 ait
732 1407 741 1449 :
759 1409 778 1444 ι
793 1379 1033 1451 Βειιιίῑωηῑιπ
1047 1379 1240 1475 eipeccsta
1260 1377 1385 1468 multa,
1408 1379 1581 1475 qnoniam
1607 1377 1731 1449 dilexit
1753 1377 1926 1448 mulmm.
1942 1407 1961 1444 ι
1980 1381 2047 1449 lle·

459 1501 665 1572 missionem
681 1499 765 1570 dico
782 1497 955 1589 habitam,
971 1498 1028 1569 vel
1045 1496 1336 1596 praecedentium,
1354 1498 1516 1592 inquam,
1531 1496 1761 1584 delictorum,
1787 1526 1805 1562 κ
1820 1498 1857 1566 in
1874 1512 2048 1569 sustenta·

458 1619 558 1690 tione
569 1618 650 1708 Dei,
664 1647 683 1686 n
701 1617 804 1689 idest
820 1630 970 1714 propter
982 1617 1190 1715 patientiam
1206 1617 1285 1705 Dei,
1313 1617 1376 1712 qui
1404 1640 1478 1686 non
1502 1617 1620 1687 statim
1641 1617 1745 1714 punit
1766 1639 1848 1686 reos
1871 1630 1907 1686 et
1931 1616 2049 1713 perdit

460 1751 679 1834 peccatores,
694 1735 757 1809 sed
773 1735 839 1806 diu
853 1749 1033 1834 exspectat
1047 1749 1088 1806 ut
1101 1733 1251 1806 redeant
1262 1758 1328 1832 per
1339 1734 1599 1832 paenitentiam,
1617 1749 1655 1805 et
1675 1748 1816 1805 oessem
1837 1758 1859 1804 a
1884 1749 2045 1830 peccato,

350 1893 360 1908 ι
459 1869 496 1927 et
510 1855 562 1926 sio
577 1853 836 1951 indulgentiam
848 1867 1128 1951 consequantur.
1148 1883 1166 1920 u
1182 1851 1236 1924 td
1248 1854 1504 1924 ostensionem.
1516 1883 1534 1917 ι
1554 1854 1675 1923 Primo
1690 1852 1827 1923 dixerat
1842 1853 2048 1949 simpliciter

460 1972 505 2043 ad
521 1973 765 2045 ostensionem
786 1971 929 2067 justitia
944 1996 1030 2058 ntae,
1055 1995 1154 2043 nunc
1175 1995 1262 2042 vero
1277 1970 1380 2042 addit
1396 1999 1405 2042 :
1434 2002 1452 2036 ι
1477 1974 1517 2041 ln
1539 1970 1611 2042 hnc
1637 1985 1801 2067 tempore
1823 1971 1955 2065 gratiae,
1972 2000 1990 2037 s
2012 1972 2048 2042 id

460 2105 513 2160 est
526 2089 659 2162 amoris
672 2090 793 2188 potius
808 2111 917 2185 quam
931 2090 1080 2160 timoris.
1100 2093 1193 2160 Cum
1207 2090 1326 2185 itaque
1350 2089 1399 2159 ait
1416 2088 1560 2182 justitiae
1581 2089 1670 2183 ejus,
1693 2088 1731 2158 id
1754 2101 1808 2158 est
1823 2112 1909 2178 suae,
1927 2088 1964 2158 in
1977 2087 2049 2160 boc

461 2223 625 2307 tempore
640 2208 772 2280 scilicet
784 2208 916 2304 gratia,
936 2222 1058 2306 aperte
1071 2209 1228 2279 insinuat
1242 2231 1353 2304 quam
1366 2207 1537 2302 justitiam
1552 2209 1669 2304 primo
1693 2206 1918 2295 intellexerit,
1944 2206 1982 2277 id
1997 2222 2050 2279 est

461 2329 642 2400 caritatem
658 2352 737 2424 quae
746 2324 957 2398 bominibus
969 2326 1082 2397 nostri
1098 2326 1284 2425 temporis,
1301 2324 1340 2396 id
1351 2341 1404 2397 est
1420 2328 1592 2424 temporis
1612 2327 1744 2422 gratiae,
1762 2340 1934 2422 tanquam
1960 2351 2049 2424 pro·

463 2446 540 2544 pria
552 2445 735 2517 convenit.
759 2449 879 2516 Potest
894 2458 930 2516 et
941 2443 1042 2541 quod
1052 2444 1183 2516 dicitru
1200 2474 1218 2510 α
1234 2445 1270 2515 in
1282 2445 1538 2516 sustentatione
1556 2446 1633 2533 Dei,
1651 2476 1669 2510 ι
1688 2444 1735 2515 ad
1752 2468 1978 2542 consequens
1992 2470 2048 2517 re·

462 2565 559 2652 ferri,
576 2563 614 2636 id
630 2578 697 2654 est,
719 2562 766 2635 ad
789 2562 861 2633 hoc
883 2562 983 2659 quod
1010 2562 1249 2659 subjungitur,
1280 2562 1360 2635 rad
1386 2564 1628 2635 ostensionem
1653 2564 1795 2658 justitiae
1821 2565 1898 2658 ejus
1921 2566 1958 2635 in
1980 2563 2050 2636 hoc

465 2697 640 2781 tempore,
657 2712 675 2751 n
692 2692 733 2753 ut
749 2682 794 2753 sit
808 2680 1124 2768 videlieetsensus,
1143 2685 1340 2754 Dominmn
1362 2682 1409 2755 ad
1431 2681 1503 2753 boc
1519 2683 1727 2754 sustinuisse
1751 2682 1804 2753 rel
1819 2682 1996 2754 distulisse
2012 2684 2048 2753 iu

463 2801 678 2900 precedenti
695 2815 871 2900 tempore,
890 2814 931 2872 ut
941 2801 1180 2874 manifestaret
1188 2803 1361 2898 justitiam
1378 2826 1480 2875 suam
1493 2826 1601 2898 quam
1613 2801 1783 2894 diximus,
1801 2801 1839 2873 id
1855 2817 1908 2874 est
1925 2805 2050 2875 carita·

464 2935 550 3012 tem,
564 2921 601 2992 in
616 2919 688 2992 lroe
702 2934 877 3018 tempore.
891 2948 909 2986 r
921 2924 968 2991 Ut
983 2921 1028 2991 sit
1044 2921 1121 3018 ipse
1130 2920 1276 3016 justus»
1290 2919 1487 3012 voluntate,
1502 2948 1520 2987 u
1536 2934 1573 2991 et
1580 2919 1775 3016 justificans
1786 2947 1805 2986 r
1822 2922 2047 3016 operatione,

464 3039 579 3131 idest,
602 3055 641 3113 ut
652 3055 688 3113 et
703 3038 787 3112 velit
800 3039 948 3138 implere
964 3064 1029 3137 per
1044 3038 1333 3138 Christumquod
1342 3041 1568 3139 promiserat,
1588 3039 1634 3112 de
1652 3038 1897 3137 redemptione
1912 3039 2050 3112 seilicet

463 3160 520 3231 rel
527 3158 783 3255 justificatione
796 3172 932 3250 nostra,
944 3173 981 3230 et
995 3159 1087 3231 sicut
1099 3160 1264 3250 voluerit,
1283 3184 1394 3259 opere
1408 3158 1615 3259 adimpleat.
1630 3187 1649 3227 r
1668 3164 1758 3229 Eum
1770 3159 1831 3255 qui
1848 3183 1892 3229 ex
1909 3156 1980 3229 lide
1997 3173 2050 3231 est

462 3281 542 3350 Jesu
558 3277 702 3367 Christi,
722 3276 793 3348 »rid
811 3289 864 3349 est
880 3277 943 3375 qui
965 3277 1079 3350 credit
1103 3303 1187 3351 eum
1212 3283 1346 3368 Jesnm,
1374 3278 1410 3350 id
1437 3293 1490 3350 est
1515 3277 1742 3369 salvatorem,
1768 3302 1832 3376 per
1852 3276 1924 3349 hoc
1950 3278 2049 3375 quod

462 3396 622 3470 Christus
638 3412 704 3487 est,
723 3396 761 3470 id
778 3411 831 3470 est
846 3402 943 3472 Deus
957 3415 992 3472 et
1005 3399 1131 3473 homo.
1668 3398 1676 3407 ’

511 3518 681 3605 Quaestio.
698 3518 850 3588 Maxima
861 3515 934 3589 boc
951 3518 1033 3591 loco
1047 3521 1197 3616 quaestio
1214 3545 1253 3592 se
1268 3522 1409 3618 ingerit,
1425 3546 1504 3618 que
1527 3522 1573 3593 sit
1593 3524 1656 3593 ista
1672 3519 1837 3593 videlicet
1853 3532 1975 3590 nostra
1995 3542 2049 3590 re·

466 3634 629 3733 demptio
643 3658 708 3733 per
723 3649 881 3706 mortem
895 3635 1039 3727 Christi,
1058 3654 1120 3710 aut
1133 3639 1322 3734 quomodo
1334 3666 1403 3713 nos
1419 3644 1456 3712 in
1478 3643 1556 3737 ejus
1566 3641 1737 3737 sanguine
1749 3638 1934 3736 justificari
1957 3642 2050 3733 Apo·

465 3752 578 3823 stolus
588 3751 696 3839 dicat,
711 3752 773 3849 qui
789 3752 917 3847 majori
931 3754 1107 3851 supplicio
1115 3755 1213 3850 digni
1221 3756 1398 3847 videmur,
1415 3761 1499 3854 quia
1513 3760 1551 3831 id
1563 3758 1808 3830 commisimus
1820 3754 2047 3853 iniquiserri,

464 3884 611 3967 propter
626 3871 725 3965 quod
738 3870 912 3941 innocens
927 3871 1104 3943 Dominus
1126 3875 1265 3946 occisus
1280 3876 1337 3947 sit.
1359 3878 1479 3948 Primo
1510 3878 1632 3974 itaque
1654 3876 1796 3948 videtur
1819 3872 2050 3972 quaerendum

463 4011 536 4083 qua
552 3988 759 4060 necessitate
776 3992 873 4060 Deus
887 3987 1072 4061 homiuem
1086 3995 1327 4091 assumpserit,
1346 4010 1386 4068 ut
1398 4020 1466 4067 nos
1483 3995 1682 4068 secundum
1704 4018 1849 4066 carnem
1862 3991 2050 4065 moriendo

465 4105 668 4199 redimeret,
687 4106 743 4178 vel
759 4131 779 4179 a
798 4131 872 4203 quo
890 4131 957 4179 noe
970 4108 1162 4182 redemerit
1183 4094 1246 4209 ipri
1266 4138 1334 4186 nos
1358 4115 1415 4187 vel
1440 4116 1576 4211 justitia
1597 4114 1654 4185 rel
1666 4127 1841 4212 potestate
1859 4126 1983 4210 captos
2000 4124 2051 4197 te-

464 4239 548 4297 netz
570 4240 606 4298 et
619 4250 690 4322 qua
700 4227 835 4322 justitia
848 4251 916 4299 nos
927 4225 973 4297 ab
989 4227 1065 4323 ejus
1079 4243 1253 4326 potestate
1269 4231 1483 4323 liberaverit,
1503 4235 1567 4330 qui
1589 4248 1766 4331 praecepta
1791 4231 1944 4319 dederit,
1971 4252 2051 4325 quae

465 4343 522 4415 ille
534 4345 713 4443 suscipere
728 4343 833 4417 vellet
848 4357 889 4416 ut
905 4345 1187 4420 nosdirnitteret.
1203 4354 1248 4421 Et
1265 4350 1433 4447 quidem¹
1449 4353 1594 4443 dicitur,
1621 4351 1721 4450 quod
1736 4376 1758 4423 a
1775 4362 1947 4450 potestate
1972 4345 2051 4418 dia·

465 4460 539 4533 boli
558 4485 625 4535 nos
642 4461 844 4553 redemerit,
871 4463 934 4559 qui
954 4487 1019 4561 per
1046 4468 1361 4561 transgressionem
1386 4470 1494 4568 primi
1523 4469 1694 4560 hominis,
1723 4471 1785 4566 qui
1806 4492 1843 4539 se
1864 4467 1897 4538 ei
1923 4479 2053 4564 sponte

466 4578 672 4652 obediendo
689 4578 901 4677 subjecerat,
917 4581 997 4677 jure
1011 4583 1170 4679 quodam
1187 4609 1333 4658 omnem
1349 4611 1495 4683 quoque
1511 4589 1587 4685 ejus
1599 4602 1812 4687 potestatem
1833 4582 2050 4684 possidebat,

468 4722 509 4769 ac
523 4721 664 4796 semper
680 4698 890 4797 possideret,
911 4701 978 4772 nisi
995 4699 1164 4775 liberator
1179 4705 1328 4778 veniret.
1354 4707 1424 4778 Sed
1453 4731 1538 4778 cum
1565 4707 1661 4779 solos
1683 4706 1822 4778 eleetos
1837 4702 2051 4792 liberaverit,

466 4817 613 4914 quando
630 4841 693 4889 eos
706 4815 870 4890 diabolus
884 4818 1090 4918 possidebat
1105 4822 1180 4894 sive
1197 4822 1233 4894 in
1247 4823 1319 4896 hoc
1341 4824 1483 4919 saeculo,
1499 4827 1574 4898 sive
1590 4827 1628 4896 in
1645 4826 1780 4918 futuro,
1808 4824 1920 4920 magis
1944 4843 2054 4917 quam

500 5089 658 5141 ’tomeun
673 5090 753 5151 Quod.
