4559 6100
511 23 650 81 tantum
683 22 718 80 et
747 6 893 105 propria
919 4 1179 102 significatione
1214 4 1393 77 vocabulo
1430 28 1515 74 usus
1543 2 1718 90 caritatis,
1754 14 1914 74 nostram
1942 3 2019 73 inte
2049 2 2122 74 exit

510 128 692 201 caritatem
716 140 874 213 tautum,
894 149 973 222 quae
995 139 1088 213 vta,
1113 138 1153 195 ut
1171 122 1392 214 dictumest,
1424 123 1551 194 caritas
1576 122 1721 220 propria
1743 136 1985 218 nuncupatur.
2018 122 2119 209 Quid

510 242 607 313 enim
631 241 735 313 obest
755 241 784 312 si
814 232 983 313 dicamus’
999 255 1035 311 et
1053 242 1236 312 caritatem
1261 265 1334 310 non
1359 261 1516 335 quaerere
1539 261 1619 325 sua,
1646 235 1684 306 id
1708 250 1779 326 est,
1805 261 1881 307 non
1906 260 1983 307 esse
2013 237 2120 309 solli-

511 362 620 433 citum
642 360 688 433 de
711 361 784 432 suis
807 360 1030 452 commodis,
1058 362 1121 458 qui
1148 360 1288 432 nullum
1314 360 1351 429 in
1381 358 1503 454 aliquo
1531 355 1766 428 commodum
1793 356 1943 454 adipisci
1971 372 2116 455 potest,
2234 437 2235 440 Ἴ

510 505 595 551 cum
620 481 655 550 in
677 506 716 553 se
738 482 818 587 ipso
840 482 1005 552 omnium
1032 480 1293 577 plenitudinem
1315 478 1499 550 bonomm
1524 476 1677 566 habeat,
1705 500 1773 546 uec
1796 475 1865 547 alio
1892 479 2118 550 extrinsecus

511 599 668 696 indigeat
686 600 907 672 commodo?
923 599 994 671 Sed
1006 615 1049 671 et
1064 625 1166 691 cum,
1184 600 1284 695 juxta
1301 599 1534 693 Gregorium,
1553 596 1681 667 caritas
1699 596 1845 693 proprie
1861 620 1936 667 non
1958 596 2116 689 dicatur,

511 719 578 790 nisi
610 744 688 816 quae
717 720 752 790 in
781 720 933 791 alterum
960 718 1125 809 liabetur,
1152 719 1241 790 nibil
1271 719 1428 790 fortassis
1453 715 1577 804 ollicit,
1606 716 1635 787 si
1660 716 1844 786 caritatem
1868 717 1934 785 Dei
1960 716 2055 787 sicut
2083 732 2119 789 et

510 854 671 910 nostram
696 864 873 938 ponamus
896 863 1055 935 quaerere
1075 864 1150 910 nou
1173 864 1255 925 sua3
1282 839 1374 910 acsi
1401 838 1450 909 ita
1478 837 1657 924 dicamus,
1688 859 1805 932 neque
1830 835 1967 932 ipsum,
1996 861 2119 934 neque

512 982 580 1029 nos
605 982 646 1030 ex
674 958 820 1030 caritate
849 983 959 1055 quam
986 958 1023 1029 in
1048 957 1200 1030 alterum
1230 958 1418 1042 habemns,
1448 955 1493 1027 de
1521 956 1652 1027 nostris
1678 953 1798 1044 bonis,
1826 954 1906 1026 sed¹
1936 954 1983 1026 de
2011 955 2119 1029 bonis

511 1078 656 1150 alterius
690 1080 860 1173 cogitare.
891 1083 982 1151 Cum
1006 1079 1127 1176 itaque
1153 1079 1254 1174 juxta
1287 1078 1529 1176 suprapositas
1557 1077 1713 1148 rationes
1742 1089 1908 1173 oporteat
1931 1079 2056 1147 Deum
2082 1078 2117 1148 in

512 1198 685 1269 omnibus
717 1223 795 1295 quae
823 1199 896 1294 agit
922 1199 1003 1296 plus
1027 1198 1178 1270 honoris
1203 1199 1257 1269 sui
1281 1197 1431 1295 gloriam
1458 1222 1567 1294 quam
1594 1194 1772 1293 quidlibet
1798 1195 1960 1267 attendat
1993 1195 2114 1288 aliud,

511 1317 675 1416 prolecto
705 1316 874 1407 decebat,
901 1333 1038 1388 utnon
1065 1319 1182 1390 solum
1210 1343 1274 1414 per
1301 1330 1488 1405 naturam,
1517 1341 1643 1387 verum
1669 1317 1776 1386 etiam
1802 1338 1867 1412 per
1890 1315 2115 1389 existentiam

512 1449 586 1508 tam
609 1436 788 1508 mundum
808 1460 916 1533 quam
942 1451 1072 1508 cuncta
1097 1439 1220 1509 omnia
1241 1435 1469 1536 praecederet.

562 1556 670 1644 Quod
684 1557 791 1628 etiam
804 1555 965 1655 oblatum
987 1571 1067 1628 est:
1090 1590 1104 1616 a
1122 1556 1303 1654 Sapientia
1319 1553 1492 1627 absconsa
1514 1569 1550 1625 et
1568 1554 1754 1626 thesaurus
1770 1552 2019 1643 absconditus,
2039 1582 2116 1653 qua

512 1677 644 1750 utilitas
661 1677 697 1747 in
718 1677 900 1771 utrisque?
916 1708 933 1743 r
955 1676 1054 1749 facile
1072 1676 1202 1774 depelli
1223 1690 1341 1774 potest
1365 1704 1373 1745 ε
1394 1674 1456 1745 sed
1475 1699 1517 1745 ex
1535 1673 1641 1745 uobis
1658 1698 1805 1772 quoque
1828 1676 1913 1773 ipsis
1933 1675 2115 1774 idipsum

513 1794 764 1887 discutiamus,
794 1809 829 1866 et
853 1796 1006 1892 qualiter
1028 1795 1300 1891 intelligendum
1325 1794 1375 1864 sit
1396 1794 1584 1889 diligenter
1610 1793 1845 1891 inquiramus.
1867 1794 1960 1865 Utile
1980 1799 2116 1895 quippe

512 1930 566 1986 est
587 1916 808 2012 quandoque
836 1917 947 1988 multa
974 1916 1145 2010 ignorari,
1174 1930 1209 1986 et
1236 1913 1358 1985 multis
1381 1915 1503 1985 utilius
1526 1913 1632 1984 luisse
1654 1914 1809 2001 videtur,
1835 1939 1909 1985 nou
1935 1916 2115 1989 invenisse

513 2034 720 2106 thesaurum
754 2059 863 2130 quam
891 2036 1085 2122 invenisse,
1117 2048 1153 2107 et
1180 2060 1356 2133 pauperes
1383 2035 1537 2105 extitisse
1568 2057 1677 2131 quam
1703 2032 1939 2104 abundantes.
1980 2039 2113 2106 Verum

512 2166 632 2225 tamen
647 2168 700 2225 est
721 2152 823 2249 quod
839 2153 982 2244 dicitur,
1004 2154 1178 2251 quoniam
1196 2157 1260 2226 ex'
1278 2155 1424 2225 scientia
1452 2152 1681 2243 abscondita,
1705 2152 1880 2248 quamdiu
1901 2152 2116 2226 abscondita

512 2286 578 2360 est,
595 2272 731 2343 nullam
746 2272 1018 2369 participatione
1033 2276 1088 2343 sui
1107 2271 1212 2345 allert
1229 2273 1432 2363 utilitatem,
1452 2274 1580 2369 quam⁸
1595 2271 1768 2342 abscondi
1782 2271 1957 2369 aliquibus
1970 2287 2005 2343 et
2023 2299 2117 2369 par-

513 2392 652 2490 ticipari
674 2391 720 2462 ab
736 2392 787 2463 els
803 2391 964 2462 similiter
981 2417 1055 2463 non
1074 2407 1203 2489 potest.
1224 2396 1347 2463 Postea
1365 2417 1452 2463 vero
1471 2392 1680 2490 participata
1705 2406 1806 2463 tanto
1834 2392 1975 2463 sortasse
1992 2394 2117 2465 carior

513 2535 589 2583 esse
606 2512 754 2608 poterit,
774 2525 912 2607 quanto
935 2512 1090 2611 amplius
1111 2511 1222 2583 dilata
1240 2510 1356 2582 luerit.
1378 2511 1512 2582 Eadem
1530 2526 1565 2582 et
1589 2510 1635 2583 de
1660 2512 1827 2582 thesauro
1843 2512 1936 2584 ratio
1953 2526 2032 2583 est:
2055 2515 2115 2609 qui

513 2630 685 2729 quamdiu
714 2630 947 2704 absconditus
968 2647 1040 2719 est,
1067 2632 1206 2703 nullum
1229 2658 1270 2703 ex
1295 2631 1602 2704 administratione
1622 2631 1675 2702 vel
1701 2657 1767 2703 usu
1790 2657 1854 2703 suo
1878 2633 2116 2706 commodum

511 2764 666 2849 praestat.
692 2749 762 2823 Sed
786 2776 860 2822 nou
885 2751 967 2823 ideo
988 2752 1107 2823 statim
1131 2752 1189 2823 vel
1211 2752 1396 2823 scientiam
1414 2750 1470 2821 vel
1490 2750 1697 2822 thesaurum
1710 2752 1860 2823 revelari
1882 2756 2058 2852 oportuit,
2079 2768 2116 2825 ut
2235 2800 2236 2807 κ

513 2854 631 2941 statim
667 2871 823 2966 aliquam
853 2885 1034 2968 praestaret
1063 2871 1273 2964 utilitatem,
1309 2871 1371 2968 qui
1397 2870 1625 2942 commodius
1651 2885 1815 2969 tempore
1843 2898 1910 2944 suo
1942 2875 2114 2970 majorem
2235 2894 2236 2901 ’

512 2988 667 3062 fructum
696 2989 853 3088 potuerit
875 2991 1069 3083 reservari,
1089 2991 1183 3063 sicut
1203 3004 1239 3063 et
1261 2989 1307 3063 de
1333 2991 1453 3062 diviua
1475 2992 1650 3092 contingit
1670 2992 1861 3090 sapientia,
1884 2994 1922 3064 in
1947 3019 2022 3092 qua
2044 3019 2113 3066 nou

512 3133 654 3207 semper
669 3136 737 3182 uos
753 3111 966 3209 participare
983 3113 1157 3210 oportuit,
1178 3127 1217 3183 ut
1234 3135 1317 3184 cum
1336 3136 1416 3184 eam
1432 3113 1644 3210 participare
1660 3114 1848 3211 coepimus,
1865 3137 1947 3186 eam
1963 3116 2114 3213 amplius

512 3251 735 3300 veneremus.
755 3232 890 3301 Verum
908 3230 1009 3326 quod
1025 3256 1134 3303 omne
1152 3230 1305 3321 bonum,
1324 3256 1408 3302 cum
1428 3233 1463 3302 iu
1482 3257 1679 3305 commune
1702 3233 1905 3323 deducitur,
1932 3235 2114 3333 pulchrius

413 3383 420 3394 ·
512 3348 692 3436 elucescit,
712 3349 784 3419 hoc
802 3364 869 3440 est,
890 3365 991 3422 tanto
1009 3350 1174 3450 pluribus
1191 3366 1331 3448 gratum
1349 3377 1424 3424 esse
1442 3367 1616 3450 quantum
1635 3353 1792 3451 amplius
1808 3356 2111 3427 communicatur.

468 3553 473 3562 ,
512 3470 582 3543 Sed
610 3495 683 3542 non
711 3470 794 3543 ideo
817 3474 937 3545 statim
961 3476 1233 3570 omnebonum
1259 3476 1429 3547 omnibus
1452 3475 1711 3575 publicandum
1734 3492 1813 3549 est:
1835 3477 1898 3549 sed
1916 3479 2112 3550 secundum

512 3591 669 3664 rationes
692 3590 825 3687 quibus
847 3605 884 3663 et
909 3592 1057 3688 quando
1080 3593 1117 3664 id
1137 3596 1484 3667 communicandum
1509 3598 1571 3684 sit,
1598 3621 1687 3693 quas
1712 3597 2056 3671 incommutabiliter
2080 3601 2113 3670 in

513 3709 683 3783 omnibus
699 3735 779 3810 quae
796 3711 888 3808 agit,
908 3710 1029 3782 diviua
1054 3709 1224 3785 observat
1247 3714 1488 3788 Providentia.
1509 3721 1596 3804 Quae
1618 3716 1765 3811 quidem
1788 3717 2019 3791 Providentia
2043 3744 2115 3790 om·

513 3831 602 3903 nino
628 3856 703 3922 uon
731 3844 836 3922 esset,
865 3831 932 3902 nisi
955 3835 1052 3903 Deus
1075 3833 1216 3904 cunctis
1238 3858 1303 3932 per
1323 3835 1547 3908 existentiam
1571 3859 1718 3933 quoque
1739 3838 1892 3935 praeiret.
1919 3842 2001 3910 Non
2019 3840 2114 3910 enim

513 3949 741 4023 Providentia
756 3952 825 4022 uisi
841 3950 888 4023 de
908 3951 1035 4023 suturis
1050 3977 1129 4024 esse
1146 3965 1282 4051 potest,
1300 3979 1385 4026 cum
1404 3955 1449 4026 sit
1462 3955 1688 4028 Providentia
1708 3955 1910 4028 futurorum
1927 3960 2115 4056 praescien-

483 4129 488 4134 .
514 4069 575 4142 tia.
597 4073 697 4142 Patet
717 4072 838 4169 itaque
855 4077 972 4144 Deum
990 4086 1063 4145 tam
1080 4073 1230 4170 dignum
1252 4075 1422 4167 extitisse,
1442 4091 1482 4147 ut
1498 4100 1563 4173 per
1578 4077 1802 4150 existentiam
1819 4102 1966 4175 quoque
1987 4093 2115 4150 cuncta

515 4190 731 4288 praecederet
758 4193 880 4265 omnia
890 4196 913 4266 ⁸.
939 4197 1063 4291 Neque
1088 4193 1161 4267 hoc
1189 4194 1342 4267 bonitati
1367 4195 1443 4292 ejus
1471 4195 1508 4267 in
1538 4196 1660 4294 aliquo
1687 4194 1880 4294 derogare,
1909 4198 1942 4270 si
1964 4199 2115 4271 voluerit

550 4375 556 4404 ¹
567 4368 636 4420 'lostl
647 4370 677 4421 de
688 4371 784 4421 noenu
794 4370 866 4421 bonis
877 4384 921 4422 sea
932 4377 955 4424 et
967 4372 997 4424 da
1008 4371 1089 4425 tone.
1099 4399 1131 4410 -
1141 4374 1151 4404 ¹
1162 4373 1203 4424 Stc
1213 4372 1290 4425 Tostt.
1305 4373 1342 4424 Er
1351 4372 1524 4426 delendum—
1535 4377 1545 4408 ⁸
1555 4373 1596 4426 Slc
1607 4374 1685 4427 Tostt.
1697 4376 1837 4439 mendum
1850 4390 1957 4441 qam-
1966 4379 1976 4409 ⁴
1984 4376 2026 4429 Sle
2037 4376 2112 4429 aaut.

517 4439 614 4493 cuam
627 4442 763 4493 veteranio
774 4444 913 4494 delendum.
