4559 6100
507 563 582 637 354
1111 562 1241 634 rnrnt
1265 561 1500 638 snAEttnot

509 737 612 785 num.
639 712 732 804 Quia
757 734 825 783 nec
847 710 1027 784 immerito
1052 709 1185 784 lactum
1212 724 1279 804 est,
1306 725 1346 784 nt
1364 711 1520 812 propriis
1540 710 1673 786 scilicet
1696 711 1756 786 ille
1775 727 1936 788 uteretur
1958 714 2090 805 verbis,

506 855 588 929 quae
601 829 765 906 humano
780 843 920 903 tantum
935 854 1043 906 sensu
1056 828 1213 928 probata
1228 844 1327 904 sunt.
1344 861 1363 897 s
1384 858 1408 904 u.
1417 835 1558 930 Hospes
1571 854 1688 904 meus.
1702 861 1721 898 s
1738 831 1908 926 Origenes
1923 859 1932 904 :
1955 863 1972 900 α
1986 834 2094 908 Vide·

508 965 568 1024 tur
583 949 741 1026 indicare
762 948 808 1022 de
824 973 869 1028 eo
890 949 991 1047 quod
1007 952 1061 1022 vir
1076 949 1183 1023 luerit
1200 949 1400 1050 hospitalis,
1422 950 1485 1047 qui
1502 974 1577 1023 non
1594 951 1714 1026 solum
1730 951 1879 1027 Paulum
1898 955 2091 1052 roecpsrit,

509 1068 573 1144 sed
589 1083 626 1141 et
642 1066 797 1141 ecclesiae
814 1069 986 1142 universas
1002 1069 1040 1142 in
1056 1068 1169 1142 domo
1189 1093 1254 1142 sua
1266 1067 1558 1144 conventiculum
1572 1068 1736 1167 praebuit.
1756 1075 1881 1143 Fertur
1902 1070 2094 1146 traditione

509 1187 700 1284 majorum,
729 1186 830 1284 qnod
855 1188 921 1264 iste
945 1189 1050 1261 Caius
1070 1189 1208 1287 primus
1227 1189 1419 1288 episcopus
1432 1188 1882 1270 luerit'lhessslooiosnsis.
1896 1217 1922 1266 s,
1942 1187 2092 1266 Ambro-

508 1307 582 1380 sius
602 1333 611 1377 ε
632 1336 650 1374 u
671 1307 735 1379 Hic
751 1321 805 1379 est
826 1308 949 1401 Caius,
977 1321 1018 1379 ut
1037 1306 1207 1398 arbitror,
1225 1307 1272 1383 ad
1288 1332 1399 1405 quem
1413 1306 1535 1382 scribit
1550 1311 1705 1382 loannes
1721 1307 1912 1408 Apostolus
1933 1307 2094 1384 exultans

510 1426 547 1498 in
566 1426 709 1500 caritate
727 1426 817 1523 ejus,
839 1449 948 1523 quam
969 1426 1179 1516 exhibebat,
1196 1425 1364 1501 iratribus
1384 1426 1547 1525 prebens
1561 1441 1724 1525 sumptus
1741 1425 1809 1500 illis
1823 1428 2053 1502 necessarios.
2071 1456 2090 1495 r

512 1548 648 1642 Haymo
670 1571 678 1615 :
701 1573 719 1614 «
733 1548 802 1617 lste
824 1558 879 1617 est
898 1546 1004 1618 Caius
1028 1546 1136 1620 etiam
1156 1546 1318 1645 captivus
1338 1547 1400 1642 qui
1417 1544 1619 1646 haptirnms
1639 1559 1696 1618 est
1714 1544 1762 1622 ab
1785 1543 1978 1643 Apostolo,
2003 1545 2095 1624 siout

510 1663 596 1736 dicit
611 1665 649 1736 in
670 1663 820 1762 epistola
841 1663 892 1736 ad
913 1664 1129 1737 Cerirztlu'os¹
1148 1692 1160 1735 :
1184 1693 1203 1733 κ
1221 1666 1407 1740 Neminem
1425 1679 1585 1740 vestrum
1599 1663 1777 1762 baptizavi
1794 1664 1864 1740 nisi
1878 1664 2045 1761 [hispnm
2060 1680 2095 1736 et

510 1783 648 1855 Caium.
664 1815 681 1850 n
696 1814 714 1851 «
729 1788 772 1854 Et
781 1785 948 1857 universa
962 1784 1274 1858 Ecclesiasaluo:
1283 1807 1348 1856 vos
1358 1788 1539 1862 Erastus.»
1546 1782 1755 1858 Ambrosius
1763 1781 1824 1858 hic
1832 1783 2093 1868 nominativum

510 1900 686 2000 pluralem
702 1902 878 1999 intelligit,
899 1927 942 1975 ac
966 1904 997 1976 si
1012 1902 1208 1975 diceretur:
1228 1902 1390 1978 Salutant
1408 1926 1474 1976 vos
1489 1902 1664 1986 universe
1675 1900 1851 1978 sceleste
1877 1900 1948 1972 Sed
1967 1901 2095 1974 melior

510 2033 580 2112 est,
607 2020 805 2094 secondum
828 2022 1040 2117 Origenem,
1063 2023 1239 2118 genitivus
1264 2019 1468 2118 singularis,
1487 2034 1528 2092 ut
1549 2019 1685 2100 dictum
1708 2032 1777 2108 est,
1799 2030 1840 2090 ut
1866 2018 2030 2092 videlieet
2048 2020 2094 2092 ita

510 2139 745 2236 intelligatur:
765 2145 903 2240 Hospes
918 2165 1033 2232 meus,
1051 2155 1086 2212 et
1102 2140 1234 2239 hospes
1248 2137 1422 2214 ‘universa
1437 2137 1615 2212 Ecclesiae.
1631 2142 1722 2212 Cum
1738 2139 1835 2210 euim
1845 2137 1919 2233 jam
1935 2140 2096 2235 superius

511 2255 652 2332 dixisset
667 2259 857 2358 Apostolus
877 2287 885 2330 ε
912 2290 929 2325 α
944 2259 1104 2332 Salutant
1127 2285 1191 2332 vos
1213 2284 1340 2334 omncs
1357 2260 1522 2332 Ecclesiae
1541 2258 1683 2346 Christi,
1701 2287 1719 2324 s
1737 2256 1825 2354 quid
1843 2280 1936 2354 opus
1955 2271 2035 2347 ,erat
2056 2270 2095 2327 ut

511 2375 582 2450 hoc
608 2394 807 2479 repeteret:
835 2379 998 2454 Salutant
1021 2405 1087 2452 vos
1116 2382 1288 2454 universae
1307 2379 1493 2452 Ecclesiae?
1522 2408 1540 2445 ι
1558 2382 1702 2452 Erastus
1720 2377 1877 2458 arcaiius
1895 2376 2092 2452 civitatis.»

463 2567 466 2578 .
511 2499 710 2594 Origenes:
736 2530 754 2567 α
768 2505 858 2573 Ρυιο
874 2525 951 2574 esse
974 2504 1138 2572 Erastom
1159 2525 1267 2597 quem
1291 2499 1390 2593 dicit,
1413 2500 1498 2596 quia
1514 2498 1685 2572 remansit
1708 2495 1897 2588 Corintho,
1922 2496 2095 2570 arcarium

512 2640 608 2709 enm,
635 2618 674 2690 id
690 2634 743 2690 est
756 2618 1039 2716 dispensatorem
1057 2618 1150 2692 illius
1171 2619 1337 2709 civitatis,
1356 2620 1458 2714 cujus
1479 2616 1645 2692 conditor
1659 2630 1713 2692 est
1729 2620 1838 2690 Deos·
1854 2644 1872 2683 u
1891 2614 2096 2692 Secundum

511 2735 791 2830 Hieronymum,
820 2751 970 2808 vocatur
996 2735 1179 2810 archariis
1206 2737 1375 2824 civitatis,
1402 2733 1600 2808 secundum
1628 2734 1700 2808 hoo
1727 2733 1828 2830 qood
1849 2732 1936 2805 olim
1961 2733 2094 2822 luerat,

512 2875 586 2923 non
606 2852 732 2926 modo.
752 2858 891 2950 Haymo
916 2882 925 2926 :
955 2885 973 2923 a
992 2854 1198 2944 archarius,
1217 2855 1255 2927 id
1275 2871 1327 2928 est
1343 2856 1510 2953 princeps
1531 2855 1589 2926 uel
1617 2853 1840 2952 dispensator
1860 2850 1921 2948 qui
1948 2865 2097 2947 praeerat

512 2971 639 3063 archae,
658 2971 720 3047 uhi
742 2998 871 3047 census
893 2975 1121 3073 ponebantur
1140 2976 1232 3072 regis
1255 2975 1474 3050 tributorum
1488 2986 1523 3045 et
1545 2961 1818 3070 uectigalium.»
1847 2973 1923 3044 «Et
1940 2972 2097 3058 Quartus

512 3090 663 3165 haser.»
689 3096 879 3192 Proprium
902 3119 1037 3168 nomen
1064 3111 1131 3186 est,
1155 3097 1247 3167 siem
1264 3110 1300 3167 et
1322 3095 1472 3166 Tertius.
1495 3123 1514 3160 α
1528 3093 1652 3166 Gratis
1669 3092 1814 3167 Domini
1831 3082 1957 3165 nostri.
1975 3118 1993 3157 u
2013 3088 2097 3163 llie·

512 3235 686 3309 ronymus
709 3241 717 3284 :
739 3243 756 3282 α
772 3217 853 3285 Haec
876 3228 928 3286 est
949 3215 1094 3313 scriptio
1112 3239 1240 3287 manus
1265 3214 1341 3311 ejus
1356 3215 1394 3286 in
1411 3212 1582 3289 omnibus
1601 3211 1779 3311 epistolis,
1805 3224 1845 3282 ut
1868 3211 1905 3281 in
1927 3231 1972 3293 ea
1989 3209 2097 3283 etiam

513 3347 773 3406 commemoret
802 3333 978 3407 beneficia
1007 3334 1185 3407 Christi.»
1212 3339 1352 3432 Haymo
1385 3361 1394 3405 :
1433 3363 1451 3402 r<
1476 3334 1597 3407 Gratis
1634 3331 1764 3404 dicitur
1793 3328 1901 3426 gratis
1930 3328 2036 3415 dan,
2064 3341 2098 3398 ot

512 3451 658 3524 nomine
674 3454 792 3548 gratiae
813 3454 985 3545 debemus
1007 3453 1202 3552 intelligere
1217 3451 1394 3550 quidquid
1417 3451 1507 3525 boni
1529 3452 1635 3548 gratis
1652 3450 1833 3546 accipiunt
1850 3446 1952 3523 electi
1969 3469 1990 3519 a
2006 3449 2094 3533 neo,

513 3585 551 3641 nt
567 3570 732 3643 videlicet
747 3597 862 3670 spem,
883 3574 1079 3663 caritatem,
1097 3573 1344 3647 remissionem
1361 3587 1604 3670 peccatorum.
1616 3599 1634 3636 s

563 3718 580 3755 u
603 3691 642 3760 Ei
667 3705 788 3762 autem
811 3692 874 3785 qui
901 3706 1029 3789 potens
1055 3705 1108 3763 est
1128 3716 1244 3763 vos.»
1270 3688 1473 3789 Capitulum
1497 3688 1569 3761 hoc
1589 3687 1764 3779 Marcion,
1780 3710 1803 3759 a
1819 3708 1895 3783 quo
1916 3682 2098 3779 scripturae

512 3808 731 3904 Evangelicae
744 3822 852 3905 atque
869 3808 1078 3906 Apostolicae
1102 3810 1323 3906 interpolatae
1344 3824 1442 3896 sunt,
1461 3808 1508 3880 de
1524 3807 1592 3880 hnc
1606 3805 1763 3906 Epistola
1779 3805 1921 3904 penitus
1938 3799 2093 3875 abstulit.

512 3924 583 3996 Sed
601 3941 636 3997 et
652 3925 699 3998 ab
716 3951 761 3998 eo
777 3926 860 3999 loco
877 3926 1120 4025 ubiscriptum
1137 3940 1203 4016 est,
1225 3928 1373 4000 «Omne
1388 3941 1510 3999 autem
1525 3925 1627 4024 quod
1644 3949 1718 3997 non
1735 3938 1789 3997 est
1805 3947 1849 3994 ex
1867 3920 1952 4009 fide,
1971 3940 2097 4017 pecea-

513 4057 590 4116 tum
611 4058 678 4137 est,
694 4074 712 4112 »
733 4046 908 4142 usquead
930 4046 1039 4117 finem
1057 4060 1187 4118 cuncta
1205 4045 1387 4118 dissecuit.
1410 4049 1452 4117 ln
1469 4044 1545 4118 aliis
1568 4068 1655 4118 vero
1674 4039 1899 4140 exemplariis
1921 4061 2001 4136 quae
2022 4060 2096 4108 non

513 4177 633 4236 sunta
649 4164 833 4236 Marcione
851 4178 1038 4255 temerata,
1060 4164 1131 4236 hoc
1148 4166 1265 4262 ipsum
1280 4165 1475 4264 capitulum
1497 4164 1553 4249 vel
1569 4163 1708 4237 diverse
1727 4160 1885 4260 positum
1902 4156 2095 4229 invenitur.

513 4284 553 4353 ln
576 4282 760 4355 nonnullis
776 4285 884 4356 etiam
909 4281 1094 4355 codicibus
1117 4297 1198 4382 post
1213 4308 1296 4357 eum
1321 4284 1456 4373 locum,
1477 4287 1629 4357 «Omne
1644 4296 1764 4357 autem
1781 4277 1879 4379 qnod
1895 4300 1970 4348 nou
1987 4289 2040 4346 est
2055 4298 2099 4347 ex

513 4399 584 4475 lide
596 4417 784 4501 peccatum
800 4417 867 4493 est,
882 4429 900 4469 n
921 4403 1037 4473 statim
1053 4403 1229 4477 hahetur:
1248 4432 1266 4472 a
1283 4403 1324 4475 Ei
1340 4418 1459 4476 autem
1474 4404 1537 4500 qni
1550 4416 1679 4501 potens
1694 4413 1748 4472 est
1765 4423 1829 4472 vos
1844 4393 2097 4467 confirmare.»

512 4518 576 4591 tlii
609 4544 695 4592 vero
724 4521 867 4593 codices
898 4522 935 4593 in
963 4520 1034 4594 fine
1061 4521 1099 4594 id
1137 4522 1199 4594 ubi
1228 4547 1325 4596 nnnc
1353 4538 1406 4595 est
1432 4524 1590 4621 positum
1620 4520 1818 4592 continent.
1845 4519 2102 4593 comumnes

513 4640 726 4713 salutatione
752 4665 895 4731 eorum,
921 4643 1087 4716 terminat
1110 4642 1306 4741 Epistolarn
1335 4667 1436 4716 suam
1459 4643 1496 4715 in
1523 4641 1665 4715 actione
1689 4638 1903 4736 gratiarum,
1926 4632 2030 4730 quasi
2054 4628 2103 4703 de

513 4759 654 4859 expleto
672 4784 780 4859 opere
800 4784 867 4831 suo
890 4761 923 4832 ei
946 4775 1062 4857 grates
1079 4761 1250 4856 reserens,
1274 4763 1336 4861 qui
1351 4762 1422 4835 hoc
1438 4763 1471 4835 ei
1489 4760 1685 4860 inspiravit.
1706 4764 1755 4829 Ac
1772 4757 1801 4828 si
1822 4755 1871 4827 ita
1887 4751 2098 4826 continuet:

514 4878 639 4972 Vobis,
663 4880 825 4977 inquam,
844 4879 889 4952 sit
906 4881 1030 4976 gratia,
1051 4880 1114 4955 sed
1132 4883 1165 4957 ei
1182 4883 1245 4980 qni
1265 4897 1394 4983 potens
1414 4895 1482 4975 εει,
1498 4895 1566 4954 etc.
1596 4901 1723 4979 perpes
1748 4877 1792 4947 sit
1814 4873 1939 4971 gloria.
1964 4873 2008 4942 m
2032 4890 2102 4967 no-

546 5161 552 5187 ¹
569 5155 683 5208 conen.
695 5158 717 5222 l,
728 5170 783 5221 erp.
797 5160 835 5210 lt.
