4559 6100
451 511 522 583 aaa
975 457 980 466 ¹
1053 509 1181 581 earm
1206 509 1440 582 annulum

450 663 480 732 si
496 674 613 759 potes.
625 661 670 729 Et
683 656 772 728 dixit
783 658 816 728 ei
830 683 838 728 τ
853 658 911 728 Sic
924 658 990 728 erit
1007 680 1127 730 semen
1148 672 1264 730 tuum.
1274 657 1435 730 Credidit
1452 655 1645 748 Abraham,
1662 670 1698 728 et
1712 672 1917 756 reputatum
1925 641 1982 731 est
1992 660 2041 732 illi

450 779 496 852 ad
514 778 700 878 justitiam.
717 775 884 880 Dixitque
901 776 1069 849 adeum:
1088 782 1163 873 Ego
1179 779 1367 870 Dominus,
1385 778 1449 874 qui
1464 776 1571 849 eduxi
1586 791 1622 848 te
1640 777 1687 848 de
1706 781 1757 847 Ur
1772 776 2038 872 Chaldaeorum,

448 913 489 970 ut
502 898 627 970 darem
643 895 710 969 tihi
725 909 858 968 terram
873 897 989 988 istam,
1007 910 1042 969 et
1054 896 1255 995 possideres
1271 922 1364 969 cam.
1390 902 1432 967 At
1454 897 1513 969 ille
1528 896 1597 967 ait:
1627 896 1804 990 Domine,
1822 898 1929 972 ¹unde
1954 901 2042 972 scire

447 1039 595 1116 possum
612 1015 712 1114 quod
729 1039 957 1115 possessurus
979 1041 1060 1086 sum
1083 1017 1193 1088 eam?
1219 1021 1262 1087 Et
1284 1013 1508 1114 respondens
1530 1015 1734 1087 Dominus:
1762 1019 1884 1105 Sume,
1911 1018 2039 1115 inquit,

447 1125 535 1209 mihi
552 1159 698 1209 vaccam
716 1136 907 1227 triennem,
925 1148 993 1207 etc.
1010 1163 1028 1203 ιι
1047 1140 1129 1207 Haec
1142 1137 1261 1233 itaque
1276 1132 1511 1206 dubitationis
1532 1132 1645 1206 verba
1662 1135 1805 1230 signum
1825 1138 2043 1234 requirentia

447 1256 493 1330 ad
512 1255 824 1328 confirmationem
840 1268 1065 1354 posterorum
1087 1256 1200 1352 magis
1217 1279 1328 1352 quam
1347 1277 1449 1326 suam
1473 1252 1650 1325 Abraham
1676 1255 1905 1352 assumpsisse
1928 1256 2042 1328 credi·

449 1401 542 1448 mus.
568 1377 667 1447 Sicut
684 1389 719 1448 et
735 1380 890 1448 loannes
908 1376 1064 1473 Baptista
1079 1376 1277 1447 Dominum
1295 1372 1466 1460 nonsibi,
1496 1371 1560 1444 sed
1584 1372 1768 1472 discipulis
1789 1374 1972 1470 requisivit
1986 1375 2041 1447 di·

450 1498 550 1568 cens¹
562 1524 570 1565 :
584 1525 602 1564 n
612 1499 664 1566 Tu
678 1519 715 1567 es
726 1495 790 1592 qui
799 1509 972 1566 venturus
984 1520 1035 1588 cs,
1048 1510 1142 1567 etc.»
1160 1525 1176 1561 α
1190 1494 1260 1566 Sed
1272 1493 1494 1567 confortatus
1508 1491 1592 1583 fide,
1601 1520 1616 1560 ι
1631 1491 1669 1563 id
1681 1507 1746 1583 est,
1762 1494 2038 1591 exspectatione,

448 1639 522 1686 non
537 1640 575 1686 re
591 1615 669 1713 ipsa
685 1639 764 1711 quae
777 1615 885 1710 longe
898 1614 1031 1687 scilicet
1047 1629 1129 1713 post
1141 1629 1295 1686 mortem
1311 1614 1387 1710 ejus
1405 1628 1481 1685 erat
1497 1611 1628 1703 lutura,
1656 1612 1747 1684 dans
1770 1613 1922 1710 gloriam
1947 1618 2037 1708 Deo,

446 1734 566 1826 idest,
586 1748 700 1830 grates
717 1735 750 1805 ei
763 1757 831 1832 pro
847 1732 903 1805 his
918 1734 1086 1826 reserens,
1106 1758 1181 1805 non
1200 1735 1333 1806 meritis
1355 1735 1428 1805 suis
1449 1732 1648 1830 quidquam
1673 1732 1846 1804 tribuens.
1867 1761 1885 1799 n
1906 1731 2042 1805 Plenis-

448 1857 536 1927 sime
554 1855 682 1946 sciens,
697 1885 715 1922 a
734 1853 773 1926 id
789 1870 841 1927 cst
858 1853 1008 1926 firmiter
1024 1854 1187 1927 credens.
1210 1884 1227 1923 a
1243 1856 1336 1942 Quia
1352 1877 1589 1952 quaecunque.
1602 1883 1620 1918 ι
1637 1852 1830 1925 Providam
1850 1853 2041 1950 repromis-

448 1975 588 2046 sionem
614 1973 770 2046 ostendit
789 1989 824 2046 et
849 1973 1112 2061 rationabilem,
1138 1973 1230 2046 nihil
1254 1972 1388 2045 scilicet
1410 1971 1651 2071 promittentis
1675 1972 1745 2044 nisi
1770 1969 1869 2068 quod
1891 1968 2041 2068 implere

449 2107 580 2191 potest,
600 2093 657 2166 vel
673 2095 781 2166 etiam
798 2092 918 2166 debet.
932 2098 1078 2182 Certum
1092 2094 1228 2193 quippe
1245 2108 1298 2166 est
1314 2094 1490 2192 quianon
1506 2106 1625 2190 potest
1641 2091 1757 2164 lacere
1773 2092 1842 2164 nisi
1861 2090 1960 2190 quod
1974 2090 2038 2164 de·

447 2212 522 2303 bet,
539 2212 577 2284 id
596 2226 647 2284 est
661 2211 760 2310 quod
772 2213 943 2286 convenit
960 2213 1007 2285 ei.
1030 2213 1149 2286 «Ideo
1164 2228 1369 2313 reputatum
1385 2226 1451 2305 est,
1467 2243 1484 2278 ιι
1503 2213 1586 2309 quia
1602 2212 1736 2284 scilicet
1750 2210 1972 2285 confortatus
1988 2225 2042 2283 est

448 2330 533 2424 fide,
554 2331 644 2403 dans
663 2331 814 2429 gloriam
831 2309 923 2427 Deo,
938 2332 1144 2431 plenissime
1159 2334 1288 2427 sciens,
1309 2347 1378 2406 etc.
1396 2337 1474 2403 Hoc
1490 2346 1556 2426 est,
1574 2333 1681 2406 etiam
1697 2330 1773 2404 haec
1783 2330 1868 2405 fidei
1878 2330 2038 2423 firmitas,

447 2454 476 2524 si
498 2476 608 2551 opera
626 2465 805 2557 cessarent
821 2452 1009 2548 exteriora,
1028 2454 1226 2553 imputatur
1241 2453 1274 2525 ei
1288 2452 1477 2525 aDomino
1499 2475 1567 2550 pro
1584 2450 1732 2548 justitia,
1755 2463 1796 2523 ut
1814 2449 1979 2524 videlicet
1993 2449 2039 2524 ad

448 2596 531 2643 eum
545 2570 815 2666 justificandum
831 2570 996 2644 sufficiat.

500 2718 517 2758 a
528 2694 609 2762 Non
620 2704 672 2761 est
681 2704 841 2761 autem.»
857 2692 967 2778 Quasi
980 2692 1061 2788 quis
1077 2690 1231 2765 diceret:
1245 2689 1341 2779 Quid
1358 2689 1405 2762 ad
1417 2713 1485 2761 nos
1496 2688 1621 2761 relatio
1631 2703 1737 2763 tantae
1745 2689 1861 2764 laudis
1870 2686 2039 2763 Abrahael

450 2807 654 2908 Respondet
671 2807 771 2905 quod
786 2808 863 2880 haec
878 2808 957 2881 laus
974 2810 1050 2907 ejus
1067 2837 1086 2879 a
1101 2834 1177 2882 nou
1195 2825 1249 2882 est
1261 2811 1391 2907 scripta
1416 2822 1555 2881 tantum
1570 2822 1719 2908 propter
1731 2809 1862 2910 ipsum,
1878 2839 1898 2877 a
1918 2808 2038 2900 idest,

448 2928 496 3001 ad
509 2923 865 3001 commendationem
889 2928 1013 3027 ipsius,
1035 2928 1099 3002 sed
1124 2942 1160 3004 et
1183 2943 1368 3029 «propter
1382 2953 1462 3020 nos,
1482 2956 1501 2997 ιι
1533 2928 1664 3026 quihus
1685 2927 1849 3002 videlicet
1873 2925 2039 3027 exemplo

448 3051 524 3147 ejus
539 3050 734 3141 instructis,
751 3048 790 3122 id
806 3064 870 3141 est,
887 3048 1109 3149 reputabitur
1120 3050 1168 3124 ad
1179 3050 1365 3149 justitiam.
1390 3048 1655 3123 «Credentibus
1680 3051 1719 3122 in
1745 3072 1842 3140 eum,
1865 3062 1934 3121 etc.
1958 3078 1977 3115 a
2001 3045 2041 3121 id

448 3185 515 3263 est,
534 3172 564 3242 si
574 3167 757 3243 credendo
774 3170 811 3241 in
826 3174 942 3242 Deum
954 3170 1133 3244 Abraham
1145 3170 1338 3244 imitemur.
1355 3175 1396 3243 ln
1408 3195 1490 3244 eum
1507 3169 1606 3264 dicit,
1616 3195 1692 3243 non
1701 3194 1799 3262 eum,
1814 3168 1871 3243 vel
1884 3169 1932 3263 ei,
1950 3170 2042 3244 sicut

447 3291 611 3388 superius
629 3289 873 3388 exposuimus.
906 3319 925 3359 n
945 3291 1016 3379 Qui
1040 3292 1236 3384 suscitavit,
1256 3319 1277 3360 ιι
1300 3289 1420 3382 idest,
1446 3280 1509 3388 qui
1530 3291 1606 3388 jam
1627 3289 1821 3389 complevit
1843 3289 1880 3362 in
1905 3290 2040 3362 semine

448 3408 598 3483 Abrahae
610 3434 676 3508 per
690 3410 875 3482 Christum
888 3410 988 3507 quod
1000 3410 1181 3484 Abraham
1195 3408 1423 3510 exspectabat
1438 3409 1611 3504 futurum,
1636 3424 1673 3483 et
1694 3407 1793 3508 quod
1815 3407 1884 3481 sibi
1900 3409 1936 3481 in
1952 3432 2042 3508 pro⁴

446 3530 616 3603 missione
626 3543 728 3601 terrae
743 3530 800 3601 vel
816 3529 1070 3604 benedictione
1085 3533 1196 3630 ipsius
1206 3528 1579 3629 seminisintelligebat
1589 3529 1794 3627 figuratum.
1806 3532 1895 3600 Tota
1906 3528 2040 3627 quippe

448 3649 634 3723 exsultatio
651 3647 801 3721 Abrahae
819 3649 865 3721 de
882 3648 1033 3747 figurato
1050 3652 1167 3745 Isaac,
1196 3648 1235 3723 id
1254 3665 1307 3723 est
1328 3648 1484 3745 Christe,
1511 3650 1632 3751 potius
1657 3673 1769 3749 quam
1785 3647 1834 3723 de
1851 3647 2039 3746 figurativo

446 3768 552 3840 luisse
568 3765 787 3865 intelligitur.
819 3768 922 3841 Unde
947 3782 984 3840 et
1003 3791 1069 3867 per
1089 3792 1129 3841 se
1151 3768 1267 3868 ipsam
1281 3769 1420 3844 Veritas
1440 3771 1532 3843 ait':
1554 3799 1573 3838 α
1593 3767 1773 3844 Abraham
1793 3781 1896 3868 pater
1922 3778 2039 3839 vester

447 3885 636 3959 exsultavit
651 3902 693 3958 ut
707 3886 847 3960 videret
862 3887 959 3961 diem
975 3912 1096 3961 meum
1106 3916 1117 3981 3
1137 3886 1229 3961 vidit
1254 3902 1290 3961 et
1308 3890 1447 3986 gavisus
1472 3903 1538 3963 est.
1562 3918 1580 3957 ιι
1598 3893 1856 3962 Totamautem
1872 3885 2039 3959 humanae

446 4006 681 4106 reparationis
695 4020 731 4080 et
746 4006 869 4080 salutis
885 4031 1063 4082 summam
1084 4021 1159 4081 tam
1180 4009 1217 4082 iu
1235 4009 1352 4110 capite
1367 4033 1477 4108 quam
1497 4010 1535 4083 in
1562 4007 1733 4083 membris
1753 4006 1945 4106 Apostolus
1967 4004 2040 4079 hoc

446 4127 528 4199 loco
545 4128 668 4224 paucis
684 4126 972 4225 comprehendit,
988 4126 1111 4200 dicens
1124 4125 1291 4200 videlicet
1305 4127 1487 4201 Christum
1503 4130 1795 4203 resurrexissera
1808 4126 1958 4200 mortuis
1975 4126 2038 4223 qui

446 4245 599 4318 traditus
611 4261 677 4340 est,
692 4259 760 4319 etc.
779 4275 797 4316 ιι
816 4251 908 4320 Nota
923 4262 1045 4320 autem
1060 4247 1161 4347 quod
1187 4247 1276 4321 dum
1292 4248 1342 4321 ait
1357 4250 1549 4348 Apostolus
1564 4253 1682 4321 Deum
1698 4262 1836 4346 patrem
1853 4245 2040 4316 suscitasse

446 4355 641 4450 Christum,
660 4370 695 4431 et
713 4358 814 4454 quod
829 4359 996 4458 potentiae
1009 4372 1062 4431 est
1073 4358 1272 4457 specialiter
1284 4364 1361 4432 Deo
1379 4361 1472 4459 patri
1487 4360 1655 4455 assignat,
1666 4359 1825 4433 divinam
1838 4354 2040 4454 potentiam

445 4475 492 4547 ad
509 4501 705 4574 personam
722 4479 835 4551 Patris
846 4481 1001 4552 maxime
1016 4480 1194 4579 pertinere
1207 4480 1377 4571 insinuat,
1402 4480 1494 4554 sicut
1515 4478 1677 4553 divinam
1695 4476 1906 4577 sapientiam
1920 4473 1968 4547 ad
1981 4475 2040 4546 Fi·

445 4593 548 4687 lium,
563 4610 599 4667 et
612 4595 742 4669 divinae
757 4598 876 4694 gratiae
891 4597 1094 4672 bonitatem
1108 4598 1156 4671 ad
1170 4600 1342 4698 Spiritum
1358 4612 1540 4689 sanctum3
1556 4597 1660 4697 quod
1671 4597 1814 4697 plenius
1822 4594 2041 4693 Theologite⁸

444 4730 577 4787 nostrae
596 4729 715 4789 textus
732 4717 904 4791 edisserit.
928 4749 946 4788 κ
964 4723 990 4791 Α
1006 4721 1171 4811 mortuis,
1186 4719 1253 4792 »id
1265 4733 1319 4791 est
1329 4718 1376 4791 de
1391 4720 1485 4792 inter
1502 4721 1682 4792 ιιιοιὶιιοιδ
1697 4741 1866 4817 corpore,
1882 4737 2041 4815 quorum

375 4962 380 4967 ·
478 4942 692 5009 1uue,cap.vn,
711 4960 735 4998 t.
754 4945 946 5010 u.-²Joan.,
961 4951 1218 5014 unumst.-
1267 4948 1335 4998 inter
1355 4954 1468 5000 mortuos
1489 4960 1535 5011 pro
1561 4949 1590 4997 rte
1610 4946 1728 4997 moncia
1750 4946 1853 4997 lacurn
1876 4944 1964 4995 mma
1986 4944 2041 4995 uu-

445 5023 527 5075 ⁸Vlde
545 5026 642 5079 Introd.
662 5028 698 5080 ud
716 5028 831 5094 Theclae
851 5027 906 5082 uu.
928 5029 955 5093 1,
972 5043 997 5093 p.
1019 5035 1047 5083 12
1068 5037 1093 5081 et
1108 5044 1175 5094 sqq,
1193 5036 1219 5082 et
1267 5030 1358 5079 alteus
1378 5026 1484 5080 Vidua
1502 5028 1593 5091 Canae,
1609 5026 1727 5090 Gloraur,
1745 5026 1811 5078 med.
1829 5030 1854 5076 et
1869 5025 1918 5092 inf.
1930 5023 2040 5076 talieta.

447 5102 587 5170 motoria
605 5108 759 5162 chunone
771 5111 825 5164 Db.
843 5109 868 5174 Ι,
886 5123 940 5174 cap.
955 5122 983 5162 ιιι
998 5117 1024 5161 et
1039 5124 1094 5174 sqq.
1104 5137 1136 5150 -
1146 5114 1171 5163 t.
1183 5111 1220 5163 De
1271 5111 1300 5160 t.
1315 5109 1427 5161 Maur.
