4559 6100
651 546 847 619 EPlTOME
871 544 1143 618 THEOLOGIAE
1167 539 1453 618 CHRlS'l'lANAE.
1779 538 1849 613 575
1931 566 1935 573 ·

858 920 1038 1012 CAPUT
1073 920 1252 1012 xxvii.

687 1145 734 1200 sn
756 1139 826 1199 unio
844 1138 896 1198 sua
916 1138 948 1197 n
973 1150 1067 1197 mone
1089 1135 1196 1198 cusu
1222 1135 1311 1195 nest
1335 1135 1446 1195 ausi
1484 1236 1486 1239 ι

307 1327 355 1393 De
374 1327 494 1391 unione
511 1324 566 1390 illa
588 1325 696 1391 adbuc
716 1325 880 1413 quoeritm,
898 1347 940 1388 au
960 1324 994 1386 in
1015 1336 1120 1387 morte
1140 1321 1237 1386 fuerit
1259 1319 1381 1386 divisa?
1396 1319 1538 1405 Quidam
1561 1336 1706 1386 auctores
1721 1308 1854 1397 volunt,

262 1427 352 1515 quod
362 1424 507 1504 Verbum
516 1447 682 1512 nunquam
697 1421 1022 1499 deseruithominem,
1041 1436 1075 1484 et
1089 1441 1202 1484 verum
1218 1434 1276 1498 est,
1288 1417 1375 1509 quod
1387 1442 1454 1484 nou
1471 1417 1670 1508 deseru(er)it
1681 1420 1858 1484 humanam

262 1539 423 1587 naturam.
447 1523 642 1611 Augustinus
665 1543 794 1609 quoque
820 1518 915 1596 dicit,
937 1518 1027 1608 quod
1048 1540 1116 1581 non
1140 1518 1238 1582 etiam
1259 1538 1390 1581 carnem
1413 1514 1604 1597 deseruerit,
1631 1539 1670 1581 ex
1694 1538 1760 1604 quo
1784 1538 1858 1580 eam

263 1620 420 1685 assumsit.
440 1619 630 1683 Ambrosius
645 1641 722 1682 vero
738 1616 820 1682 velle
835 1617 975 1698 videtur,
993 1616 1082 1705 quod
1098 1613 1247 1679 divinitas
1263 1614 1297 1678 in
1314 1630 1418 1678 morte
1435 1638 1453 1680 a
1469 1636 1564 1679 carne
1581 1613 1677 1679 fuerit
1692 1629 1856 1702 separata3

263 1717 307 1781 ait
323 1719 409 1782 enim
421 1739 519 1807 super
534 1717 654 1780 Lucam
670 1738 678 1780 ι
697 1714 822 1780 Clamat
836 1716 992 1779 moritura
1009 1712 1210 1803 separatione
1223 1711 1408 1776 divinitatis.
1426 1710 1523 1794 Quod
1539 1712 1671 1801 quidem
1683 1711 1860 1776 rationabi-

260 1813 320 1879 lius
333 1835 400 1879 esse
415 1813 555 1895 videtur,
569 1812 689 1902 quoda
705 1836 840 1903 corpore
852 1812 949 1876 fuerit
960 1826 1117 1901 separata.
1127 1810 1215 1874 Sicut
1225 1810 1311 1874 enim
1324 1832 1391 1874 non
1400 1810 1506 1899 potuit
1521 1810 1664 1900 adjungi,
1679 1809 1739 1874 nisi
1753 1809 1859 1874 artimu

261 1909 437 1993 mediante,
455 1912 499 1976 sic
507 1912 541 1974 iu
549 1933 589 1975 eo
607 1934 673 1975 non
692 1911 804 1975 debuit
819 1932 997 1990 remanere,
1016 1909 1123 1973 anima
1140 1922 1297 1998 separata.
1316 1906 1415 1989 Quod
1430 1930 1508 1973 vero
1523 1931 1591 1972 non
1606 1908 1713 1996 potuit
1728 1905 1860 1997 adjungi

260 2010 321 2073 nisi
343 2010 449 2073 anima
472 2007 653 2091 mediante,
672 2008 868 2099 Augustinus
890 2006 978 2073 dicit.
1000 2006 1052 2070 Sic
1068 2006 1166 2096 igitur
1181 2005 1239 2069 etsi
1255 2005 1333 2068 unio
1352 2019 1533 2071 remaneret
1552 2027 1624 2069 cum
1645 2005 1769 2085 anima,
1792 2027 1859 2069 non

263 2122 371 2171 tamen
387 2129 462 2171 cum
480 2107 585 2170 anima
602 2122 635 2170 et
654 2129 801 2197 corpore.
821 2106 982 2188 Quaeritur
992 2105 1096 2169 etiam
1110 2120 1220 2168 utrum
1236 2101 1385 2167 eamdem
1400 2104 1566 2168 scientiam
1586 2103 1737 2168 habuerit
1753 2103 1860 2167 anima

261 2202 328 2283 illa,
344 2226 441 2291 quam
457 2202 604 2267 Verbum
618 2202 773 2268 habebat.
792 2201 933 2285 Quidam
950 2202 1073 2283 dicunt,
1091 2199 1180 2290 quod
1196 2199 1344 2264 eamdem
1358 2215 1411 2265 :et
1426 2200 1471 2265 ita
1486 2216 1614 2265 tautum
1630 2200 1752 2265 sciebat
1766 2222 1859 2265 crea-

261 2315 333 2365 tura
346 2299 418 2382 illa,
436 2314 590 2388 quantum
607 2301 751 2366 Creator.
774 2300 827 2365 Sic
842 2300 938 2390 igitur
954 2300 1096 2390 perfecta
1112 2314 1181 2363 erat
1196 2299 1231 2361 iu
1247 2297 1390 2376 scientia,
1408 2297 1489 2361 sicut
1506 2298 1604 2362 Deus.
1623 2297 1767 2385 AEqualis
1783 2320 1859 2387 ergo

262 2413 330 2461 erat
345 2414 491 2462 creatura
502 2395 556 2461 illa
571 2398 604 2461 in
613 2399 677 2461 hoc
691 2399 835 2462 Creatori
847 2421 917 2472 suo,
935 2395 1024 2486 quod
1036 2394 1256 2460 irrationabile
1267 2417 1334 2459 esse
1345 2392 1484 2460 videtur.
1495 2394 1572 2459 Non
1586 2396 1694 2483 itaque
1711 2394 1858 2476 dicimus,

262 2493 351 2581 quod
373 2492 522 2559 eamdem
542 2493 692 2560 habuerit
712 2495 896 2573 scientiam3
916 2494 1005 2583 quod
1026 2493 1125 2558 etiam
1146 2515 1242 2583 super
1264 2515 1339 2557 eum
1355 2491 1463 2559 locum
1481 2492 1671 2557 Ambrosius
1691 2490 1857 2558 ostendit:

261 2589 367 2655 Nemo
388 2593 446 2655 scit
462 2614 500 2656 ea
516 2614 587 2680 qnae
609 2608 684 2655 sunt
698 2592 776 2675 Dei,
795 2608 829 2658 et
850 2608 966 2680 caetera
987 2614 994 2655 :
1016 2614 1113 2656 nemo
1138 2592 1197 2657 scit
1215 2614 1253 2655 ea
1276 2613 1348 2680 quae
1371 2604 1446 2655 sunt
1466 2590 1625 2671 hominis,
1652 2589 1714 2653 nisi
1735 2589 1861 2678 spiritus

261 2686 413 2752 bominis.
436 2688 514 2769 Hic,
534 2705 570 2752 ut
589 2688 633 2752 ait
648 2689 856 2771 Ambrosius,
879 2689 1020 2755 ostendit
1042 2688 1217 2779 Apostolus
1238 2703 1350 2752 contra
1370 2688 1536 2753 haereticos
1556 2686 1726 2776 quosdam,
1743 2685 1862 2753 scilicet

263 2807 329 2849 nou
346 2808 412 2850 esse
429 2801 621 2850 creaturam.
640 2786 674 2851 Si
689 2810 766 2852 vero
782 2788 854 2852 haec
873 2787 981 2851 anima
996 2786 1096 2850 habet
1113 2784 1262 2851 eamdem
1278 2786 1445 2861 scientiam
1461 2807 1558 2872 quam
1575 2800 1607 2849 et
1622 2785 1767 2851 Verbum
1778 2786 1859 2868 Dei,

261 2882 314 2946 hic
330 2882 476 2972 Apostoli
492 2906 597 2948 sermo
612 2883 718 2949 nullus
734 2899 793 2960 est,
812 2907 886 2948 cum
902 2883 972 2949 haec
984 2884 1091 2948 anima
1107 2898 1213 2948 creata
1231 2883 1282 2947 sit.
1301 2883 1390 2947 Licet
1405 2898 1513 2947 autem
1529 2898 1655 2946 tantum
1670 2905 1738 2949 non
1753 2883 1860 2964 sciret,
1937 2927 1940 2935 ·

262 2978 368 3044 Deum
393 2996 501 3045 tamen
526 2980 755 3072 perfectissime
779 2981 923 3046 videbat.
949 2980 1013 3046 Sed
1039 2980 1226 3073 opponitur,
1251 2979 1339 3069 quod
1356 2981 1443 3046 Deus
1464 2981 1509 3045 ait
1532 2977 1574 3043 ad
1596 2978 1760 3070 Moysen:
1785 2980 1862 3047 Non
1951 2986 1955 2995 '

262 3075 386 3141 videbit
399 3101 452 3143 me
467 3080 568 3144 homo
585 3096 618 3144 et
636 3081 734 3145 vivet.
759 3078 822 3144 Sed
839 3080 987 3159 dicimus,
1007 3102 1074 3144 esse
1097 3079 1220 3144 dictum
1241 3077 1283 3143 de
1307 3076 1437 3142 animali
1450 3079 1527 3143 vita.
1550 3078 1735 3145 Animalem
1755 3095 1862 3160 autem

260 3173 359 3238 vitam
378 3173 512 3240 dicimus
531 3175 779 3243 vivificationem
801 3194 835 3242 et
855 3194 982 3242 motum
1005 3176 1112 3258 illum,
1136 3199 1234 3263 quem
1255 3174 1398 3263 (vitalem
1418 3174 1571 3263 animam)
1594 3198 1669 3239 caro
1695 3167 1795 3241 habet
1820 3177 1862 3242 ab

263 3271 387 3353 anima,
405 3273 481 3360 quia
506 3272 595 3338 nullo
618 3274 719 3339 modo
740 3299 855 3365 corpus
877 3290 983 3366 potest
1000 3274 1123 3339 moveri
1139 3273 1201 3338 nisi
1216 3272 1449 3363 penanimam.
1466 3273 1542 3337 Vita
1564 3296 1642 3337 vero
1663 3273 1780 3338 Christi
1794 3296 1863 3339 non

264 3367 333 3431 talis
350 3385 436 3450 erat,
454 3370 553 3434 immo
575 3386 611 3434 ut
622 3372 690 3456 jam
708 3371 863 3456 diximus,
881 3370 970 3461 quod
987 3370 1062 3435 facit
1078 3371 1184 3434 anima
1201 3370 1340 3460 corpori,
1357 3370 1420 3433 hoc
1436 3368 1574 3435 faciebat
1587 3370 1732 3435 Verbum
1749 3371 1864 3436 animae

263 3462 320 3544 illi,
344 3465 417 3554 quia
441 3467 522 3531 nibil
540 3482 647 3532 motus
663 3484 789 3558 poterat
810 3470 938 3560 corpori
955 3468 1093 3533 conferri
1114 3468 1174 3532 nisi
1194 3491 1251 3557 per
1266 3466 1422 3531 Verbum.
1447 3468 1496 3533 De
1515 3467 1737 3533 affectionibus
1756 3484 1863 3534 autem

263 3561 475 3644 naturalibus,
493 3563 573 3627 sicut
589 3563 700 3630 dolore
718 3582 751 3631 et
766 3568 896 3649 ceteris,
921 3565 1001 3631 nihil
1017 3582 1064 3631 est
1081 3565 1123 3631 ad
1139 3564 1382 3656 opponendum,
1401 3566 1476 3653 quia
1495 3564 1680 3631 naturaliter
1701 3566 1745 3631 in.
1756 3566 1864 3632 anima

263 3656 317 3723 illa
339 3675 441 3724 erant.
466 3660 499 3724 Si
521 3662 592 3749 quis
608 3678 716 3727 autem
738 3663 836 3746 dicat,
854 3665 997 3730 similiter
1017 3681 1050 3729 et
1071 3680 1178 3729 motus
1201 3664 1327 3752 corpori
1346 3678 1495 3752 praestare
1520 3662 1567 3728 illi
1588 3663 1702 3727 auimae
1717 3663 1863 3729 naturale

264 3771 343 3836 erat,
373 3757 600 3846 acquiescimus
619 3759 763 3848 quidem,
785 3760 841 3827 sed
867 3762 1004 3828 alterum
1021 3760 1163 3838 abstulit,
1190 3784 1255 3848 quo
1271 3759 1352 3825 solet
1372 3761 1472 3825 homo
1492 3782 1643 3850 peccare,
1669 3777 1703 3826 et
1729 3760 1864 3826 alterum

264 3850 400 3934 dimisit,
423 3877 488 3943 quo
504 3879 597 3921 verus
619 3859 718 3922 homo
738 3875 931 3925 remaneret.
947 3860 997 3924 De
1012 3858 1075 3923 boc
1097 3859 1195 3924 etiam
1217 3856 1336 3948 ambigi
1357 3874 1481 3947 potest,
1500 3858 1730 3923 cumVerbum
1744 3857 1863 3947 ubique

264 3948 304 4012 sit
325 3973 384 4039 per
407 3953 594 4035 essentiam,
613 3977 655 4019 an
676 3953 777 4020 ullam
797 3954 1012 4020 diversitatem
1031 3953 1152 4020 habeat
1174 3954 1311 4020 essendi.
1339 3954 1391 4020 Sic
1412 3957 1499 4021 enim
1520 3955 1659 4022 videtur.
1685 3955 1770 4022 Nam
1789 3977 1865 4021 cum

263 4044 407 4111 Verbum
424 4048 458 4111 in
474 4050 606 4114 homine
623 4051 679 4117 illo
695 4069 778 4118 esset
792 4075 852 4143 per
866 4054 1032 4133 unionem,
1049 4052 1107 4116 ubi
1122 4075 1190 4117 non
1206 4068 1275 4116 erat
1291 4053 1391 4117 homo
1408 4052 1473 4136 ille,
1491 4053 1538 4117 ibi
1552 4076 1620 4119 non
1636 4070 1705 4120 erat
1719 4052 1864 4119 Verbum

264 4143 389 4208 unitum
406 4144 485 4209 :ubi
501 4170 568 4212 non
579 4166 648 4214 erat
662 4149 762 4215 homo
778 4150 844 4231 ille,
856 4149 904 4214 ibi
919 4174 986 4216 non
1002 4166 1071 4215 erat
1086 4149 1246 4214 mediator
1261 4150 1321 4215 Dei
1333 4165 1365 4215 et
1374 4150 1554 4234 bominum,
1573 4167 1607 4217 et
1621 4152 1667 4216 ita
1678 4152 1713 4216 in
1727 4152 1865 4217 existen-

264 4239 308 4303 tia
324 4263 380 4306 sua
397 4241 613 4310 diversitatem
632 4247 818 4337 recipiebat.
836 4247 887 4312 Sic
903 4271 970 4313 esse
985 4248 1085 4313 modo
1100 4264 1208 4337 potest
1224 4246 1307 4327 dici,
1325 4246 1415 4337 qnod
1430 4247 1521 4314 aliter
1535 4249 1610 4331 hic,
1628 4249 1720 4315 aliter
1735 4250 1768 4313 in
1784 4248 1865 4314 cato

264 4352 322 4402 est.
341 4337 417 4420 Sed,
435 4356 581 4432 utsupra
599 4342 748 4424 diximus,
766 4345 811 4410 sic
826 4361 874 4411 est
890 4346 976 4411 Deus
991 4346 1124 4436 ubique,
1138 4345 1228 4435 quod
1244 4368 1311 4409 non
1327 4361 1374 4410 est
1387 4344 1522 4430 alicubi3
1541 4346 1630 4434 quod
1646 4346 1741 4435 plane
1756 4346 1864 4411 retulit

263 4431 376 4500 beatus
396 4438 608 4528 Augustinus,
632 4443 869 4532 comprobavit
887 4443 992 4533 ipsum
1010 4468 1078 4509 non
1104 4466 1172 4510 esse
1187 4466 1318 4532 corpus,
1337 4443 1490 4532 quoniam
1511 4443 1628 4510 alicubi
1648 4444 1784 4509 nonsit.
1809 4444 1865 4510 Fst

262 4529 359 4619 igitur
372 4534 492 4624 ubique
512 4560 571 4627 per
586 4540 775 4627 potentiam,
794 4541 849 4629 qui
868 4541 988 4630 ubique
1004 4557 1120 4631 potest.
1146 4541 1203 4605 Est
1225 4538 1344 4627 ubique
1364 4563 1423 4629 per
1440 4541 1627 4622 essentiam,
1654 4542 1731 4629 quia
1755 4543 1865 4607 omniu

263 4623 334 4691 loca
349 4651 408 4717 per
427 4632 736 4700 administrationem
752 4636 798 4700 ita
818 4654 894 4701 sunt
914 4639 944 4702 ei
959 4640 1142 4728 presentia,
1161 4636 1249 4726 quod
1270 4634 1360 4701 nullo
1377 4635 1426 4700 sui
1441 4635 1513 4702 loco
1532 4636 1656 4728 indiget
1677 4639 1808 4704 vicario.
1825 4639 1865 4702 In

262 4726 353 4790 omni
367 4726 441 4794 loco
458 4728 548 4817 quod
558 4733 752 4797 conveniens
767 4749 815 4798 est
825 4731 1038 4799 administrat.
1057 4734 1109 4800 Sic
1124 4733 1238 4798 beatus
1254 4733 1425 4824 Gregorius
1442 4757 1518 4800 eum
1529 4758 1597 4804 esse
1610 4733 1728 4824 ubique
1743 4734 1864 4800 descri-

261 4820 321 4887 bit.
340 4824 443 4913 Supra
459 4842 519 4906 est,
537 4826 651 4916 inquit,
670 4830 780 4894 omnia
796 4828 958 4920 regendo,
976 4829 1060 4895 infra
1076 4832 1187 4895 omnia
1201 4830 1410 4897 sustentando
1426 4849 1459 4897 et
1474 4833 1561 4897 intra
1581 4833 1690 4898 omniu
1705 4830 1861 4921 regendo.

264 4918 315 4983 Sic
330 4922 486 5010 igiturest
500 4926 608 4989 unitus
617 4926 755 5008 homini,
769 4926 858 5016 quod
872 4950 940 4991 non
957 4943 1005 4992 est
1020 4929 1054 4992 in
1066 4928 1173 5017 aliquo
1185 4927 1272 5010 loco,
1286 4929 1367 4993 sicut
1380 4930 1486 4993 anima
1497 4931 1542 4993 sic
1558 4945 1606 4993 est
1617 4928 1707 4993 unita
1722 4929 1862 5018 corpori,

263 5017 352 5103 quod
369 5020 403 5083 in
413 5018 487 5085 loco
503 5044 569 5086 non
580 5022 630 5087 sit.
643 5022 708 5089 Sed
718 5025 800 5090 sicut
810 5024 918 5089 anima
932 5047 999 5089 esse
1015 5026 1196 5114 incorpore
1211 5026 1290 5090 nihil
1304 5023 1392 5089 aliud
1407 5042 1465 5106 est,
1484 5048 1580 5113 quarn
1595 5047 1725 5090 movere
1736 5048 1864 5116 corpus,

263 5112 308 5177 sic
322 5114 468 5182 Verbum
482 5118 518 5181 in
533 5117 664 5185 homine
685 5120 742 5187 illo
764 5145 832 5188 non
851 5137 920 5187 erat
936 5119 1042 5202 aliud,
1064 5144 1165 5211 quam
1186 5123 1290 5212 ipsum
1311 5123 1357 5188 sic
1372 5144 1521 5198 movete,
1539 5121 1629 5198 quod
1650 5145 1669 5187 a
1688 5145 1722 5189 se
1736 5122 1862 5188 nullum
