4559 6100
1054 473 1181 547 PETRI
1208 473 1442 546 sufflator

929 1015 1144 1142 LIBER
1186 1010 1579 1142 SECUNDUS.

510 1366 676 1438 «Scimus
693 1379 824 1436 autem.
844 1395 861 1430 s
879 1363 982 1437 Redit
999 1363 1186 1462 Apostolus
1202 1364 1248 1435 ad
1260 1364 1501 1435 invectionem
1514 1361 1732 1453 ludaeorum,
1744 1374 1784 1431 ut
1799 1361 1888 1432 sicut
1899 1361 2043 1435 abstulit

459 1486 508 1557 cis
533 1483 778 1580 gloriationem
799 1481 844 1554 de
861 1483 1151 1572 circumcisione,
1171 1481 1307 1556 auferat
1327 1495 1363 1553 et
1382 1480 1429 1554 de
1446 1481 1522 1578 lege
1539 1479 1596 1554 vel
1611 1478 1898 1577 quibuscumque
1917 1504 2042 1553 carna·

457 1602 550 1675 libus
573 1601 823 1689 observantiis,
844 1625 890 1673 ne
906 1600 996 1672 forte
1016 1601 1170 1673 maxime
1187 1600 1301 1697 legem
1318 1601 1356 1671 in
1379 1625 1423 1672 eo
1445 1597 1716 1672 commendasse
1732 1596 1925 1688 videretur,
1943 1599 2043 1697 quod

458 1720 595 1793 dixerat
622 1720 818 1818 «primum
844 1718 1011 1817 quidem,
1038 1721 1121 1816 quia
1151 1718 1287 1791 credita
1313 1731 1397 1790 sunt
1422 1717 1489 1790 illis
1515 1717 1657 1813 eloquia
1683 1716 1797 1788 Dei.»
1826 1717 1927 1811 Legis
1958 1741 2042 1813 ergo

458 1836 704 1933 gloriationem
726 1861 790 1935 per
814 1837 886 1908 hoc
909 1838 1066 1935 primum
1094 1836 1221 1927 aufert,
1247 1835 1347 1933 quod
1371 1859 1433 1908 eos
1456 1859 1521 1933 per
1538 1835 1653 1931 legem
1677 1833 1790 1930 magis
1814 1835 2042 1931 argui'qnam

452 1954 636 2052 justificari
655 1956 848 2027 convincit.
867 1955 1096 2026 Continuatio
1114 1981 1122 2023 ι
1140 1952 1283 2026 induxit
1300 1953 1502 2025 testimonia
1517 1977 1561 2024 ex
1577 1953 1665 2048 lege,
1683 1950 1721 2023 id
1737 1964 1791 2023 est
1807 1952 1914 2024 reteri
1926 1956 2042 2024 Testa·

456 2086 591 2161 mento,
613 2096 677 2170 per
692 2097 772 2168 quae
789 2097 914 2145 omnes
937 2096 1018 2144 reos
1033 2095 1122 2162 esse,
1142 2085 1214 2143 tam
1229 2070 1370 2144 Judaeos
1392 2072 1525 2144 scilicet
1541 2095 1649 2168 quam
1666 2070 1837 2161 Gentiles,
1855 2085 2040 2145 astrueret.

456 2190 526 2261 Sed
542 2193 673 2262 scimus
689 2190 830 2262 Judaeos
852 2191 1004 2262 maxime
1020 2189 1076 2261 bis
1096 2190 1211 2284 argui,
1229 2189 1362 2287 quibus
1377 2190 1525 2287 quidem
1545 2188 1682 2282 solum,
1702 2213 1776 2261 non
1799 2189 1845 2260 de
1869 2189 1966 2279 solis,
1986 2189 2040 2263 lex

455 2306 624 2404 loquitur,
643 2332 727 2380 cum
744 2309 794 2380 eis
808 2308 894 2380 solis
911 2306 997 2379 data
1013 2307 1118 2379 luerit
1134 2320 1241 2404 atquc
1258 2307 1437 2404 imposita.
1453 2313 1498 2381 Et
1509 2306 1582 2379 boc
1597 2322 1649 2379 est
1665 2306 1765 2404 quod
1781 2307 1850 2379 ait:
1868 2338 1886 2373 α
1902 2308 2040 2380 Scimus

456 2438 597 2515 autem,
623 2438 714 2516 ctc.,
741 2455 759 2492 s
792 2449 834 2498 ac
857 2425 886 2496 si
911 2424 1078 2498 diceret:
1107 2425 1278 2512 Quamvis
1302 2426 1483 2522 praemissa
1506 2425 1709 2498 testimonia
1734 2440 1859 2497 contra
1882 2425 2039 2498 Gentiles

455 2566 599 2638 quoque
627 2541 775 2639 exlege
804 2541 1070 2639 collegerimus,
1101 2556 1220 2615 tamen
1245 2542 1375 2613 scimus
1401 2542 1517 2640 legem
1544 2567 1620 2615 non
1650 2543 1701 2614 eis
1729 2541 1835 2614 luisse
1860 2542 2035 2633 locutam,

454 2660 584 2757 quibus
602 2659 685 2734 data
697 2684 772 2732 nou
790 2660 916 2750 fuerat,
937 2660 1019 2733 licet
1034 2659 1081 2732 dc
1102 2661 1167 2732 eis.
1189 2690 1207 2725 κ
1221 2660 1292 2731 Sed
1305 2660 1361 2731 his
1379 2674 1520 2733 tantum
1540 2661 1657 2758 quiin
1674 2659 1751 2759 lege
1769 2675 1866 2752 sunt,
1877 2690 1895 2727 s
1913 2662 1951 2733 id
1971 2677 2035 2753 est,

454 2777 665 2874 professioni
688 2792 858 2877 susceptae
877 2778 964 2874 legis
979 2792 1147 2851 tenentur
1164 2778 1309 2849 astricti.
1331 2777 1536 2851 Notandum
1553 2778 1639 2874 legis
1657 2780 1804 2852 nominc
1821 2778 2038 2876 quandoque

452 2895 597 2993 proprie
622 2896 781 2993 quinque
803 2909 940 2968 tantum
967 2895 1080 2968 libros
1103 2895 1235 2992 Moysis
1258 2895 1528 2995 comprehendi,
1549 2897 1767 2995 quandoque
1788 2898 1893 2969 etiam
1919 2911 2037 2968 totum

452 3028 553 3087 vetus
565 3018 841 3104 Testamentum,
860 3015 952 3086 sicut
963 3015 999 3087 in
1015 3013 1086 3087 hoc
1098 3013 1194 3087 loco.
1216 3013 1319 3088 Unde
1336 3014 1551 3112 Augustinus
1562 3012 1606 3085 de
1625 3018 1810 3106 Trinitate,
1824 3013 1917 3087 libro
1929 3018 2032 3085 XV¹:

453 3161 471 3200 u
485 3133 584 3228 Legis
610 3133 758 3204 nomine
781 3132 975 3230 aliquando
996 3134 1118 3205 omnia
1136 3135 1265 3205 veteris
1284 3134 1497 3206 Testamenti
1513 3133 1671 3231 eloquia,
1697 3131 1896 3230 aliquando
1916 3149 2037 3206 autem

451 3251 594 3349 proprie
609 3250 665 3323 lex
679 3250 821 3341 dicitur,
841 3276 919 3348 quae
935 3274 999 3350 per
1013 3253 1175 3348 Moysem
1192 3249 1274 3323 data
1290 3265 1354 3323 est.
1372 3279 1391 3319 u
1413 3278 1432 3318 a
1448 3255 1495 3320 Ut
1511 3252 1560 3323 ita
1576 3275 1685 3322 omne
1701 3275 1743 3322 os
1759 3249 1945 3338 obruatur,
1962 3281 1980 3316 s
1999 3250 2036 3321 id

450 3383 516 3460 cst,
539 3384 787 3467 compescatur
807 3382 844 3440 et
858 3371 1034 3442 conticeat
1049 3394 1071 3442 a
1086 3393 1150 3442 sua
1167 3368 1391 3464 gloriatione,
1411 3381 1446 3441 et
1461 3393 1536 3440 uon
1553 3366 1733 3467 aperiatur
1750 3368 1817 3439 nisi
1840 3369 1877 3439 in
1897 3366 2034 3464 glorifi-

449 3488 626 3560 cationem
650 3489 728 3579 Dei,
755 3512 840 3558 cum
862 3487 993 3559 scilicet
1016 3487 1293 3560 intellexerimus
1317 3487 1410 3558 illius
1434 3511 1580 3584 quoque
1608 3486 1794 3585 peculiaris
1819 3486 1944 3586 populi
1970 3488 2036 3558 Dei

449 3605 641 3675 maximam
659 3603 820 3698 gloriam,
838 3627 948 3699 quam
964 3629 1007 3676 ex
1025 3603 1100 3699 lege
1117 3602 1314 3694 habebant,
1330 3620 1501 3701 tanquam
1514 3628 1580 3703 per
1595 3605 1670 3701 ejus
1683 3627 1791 3701 opera
1804 3627 1842 3675 se
1851 3601 2035 3698 justificari

448 3717 672 3810 arbitrantes,
686 3719 822 3790 nullam
834 3744 911 3791 esse
925 3719 1174 3817 reputandam.
1193 3749 1210 3785 a
1230 3724 1273 3791 Et
1287 3722 1336 3793 ita
1351 3720 1527 3809 subditus,
1541 3749 1559 3789 u
1572 3721 1610 3792 id
1623 3735 1688 3813 est,
1705 3720 1870 3792 humiliet
1888 3745 1926 3792 se
1940 3725 2030 3809 Dec,

448 3836 537 3909 nibil
553 3836 599 3909 de
616 3861 680 3909 sua
697 3836 906 3932 gloriatione
918 3860 1148 3935 praesumens,
1167 3862 1247 3934 quae
1260 3840 1311 3911 eis
1328 3840 1449 3931 ctiam,
1468 3842 1531 3936 qui
1548 3839 1667 3935 magni
1685 3838 1782 3936 apud
1799 3843 1916 3910 Deum
1931 3838 2031 3910 vide·

366 3960 370 3974 ²
447 3953 592 4046 bantur,
612 3953 729 4026 ablata
746 3968 812 4026 est.
834 3983 851 4022 a
864 3955 956 4042 Quia
972 3979 1014 4026 ex
1030 3953 1200 4053 operibus
1216 3953 1313 4051 legis,
1327 3985 1345 4024 u
1364 3956 1401 4028 id
1417 3972 1469 4029 est
1485 3955 1732 4056 corporalibus
1748 3956 1823 4052 ejus
1838 3954 2033 4029 observan-

447 4074 525 4164 tiis,
554 4097 632 4170 quae
657 4074 811 4145 maxime
838 4071 993 4171 populus
1018 4071 1077 4143 ille
1101 4072 1324 4163 attendebat,
1354 4075 1464 4147 veluti
1492 4076 1814 4166 circumcisionem,
1841 4073 2031 4166 sacrificia,

448 4191 733 4263 observationem
750 4189 864 4263 sabati
885 4206 922 4264 et
942 4205 1153 4262 caeterorum
1170 4190 1378 4288 hujusmodi
1403 4192 1602 4290 figuralium
1618 4205 1891 4291 praceptorum.
1913 4220 1931 4259 α
1953 4198 2032 4264 Non

443 4306 693 4403 justificabitur
714 4333 836 4382 coram
855 4309 929 4403 itto,
945 4337 962 4378 u
984 4309 1023 4380 id
1044 4322 1108 4399 est,
1129 4309 1226 4407 apud
1242 4304 1373 4400 Deum,
1397 4341 1415 4377 u
1435 4314 1553 4384 omnis
1573 4336 1703 4402 caro,u
1722 4310 1828 4383 idest
1851 4310 1967 4380 omnis
1990 4334 2034 4382 ea

447 4428 633 4499 carnaliter
661 4442 812 4517 tantum,
842 4451 916 4499 non
941 4426 1170 4525 spiritualiter
1190 4427 1403 4528 adimplens,
1431 4429 1512 4502 licet
1535 4453 1658 4503 coram
1675 4426 1896 4519 hominibus,
1918 4426 1955 4499 id
1981 4442 2034 4500 est

446 4543 607 4618 humano
626 4546 778 4641 judicio,
802 4546 902 4644 quod
923 4546 969 4618 dc
990 4544 1229 4618 exterioribus
1247 4560 1283 4619 et
1305 4548 1501 4621 visibilibus
1521 4549 1676 4645 judicat,
1701 4548 1786 4644 justi
1812 4546 1898 4618 tales
1927 4571 2033 4644 repu·
2062 4580 2068 4589 ·

448 4676 582 4736 tentur.

498 4812 515 4848 a
532 4786 597 4855 Per
606 4783 723 4887 legem
738 4784 847 4855 enim.
865 4813 882 4849 ν
903 4782 954 4855 ad
974 4782 1047 4857 duo
1062 4785 1242 4882 praemissa
1254 4782 1328 4857 duo
1347 4784 1464 4858 relert.
1485 4785 1538 4856 Ad
1554 4783 1641 4857 illud
1658 4806 1733 4881 quo
1747 4783 1810 4875 ait,
1830 4814 1851 4849 a
1865 4797 1903 4855 ut
1924 4806 2030 4855 omne

476 5037 482 5064 ¹
495 5033 554 5096 Cap.
567 5046 636 5094 xvur,
648 5035 724 5099 opp,
735 5043 752 5083 t.
776 5032 842 5097 Vlll,
855 5035 900 5084 col.
913 5037 968 5086 988.
