<?xml version="1.0" encoding="UTF-8"?>
<!DOCTYPE html PUBLIC "-//W3C//DTD XHTML 1.0 Transitional//EN"
    "http://www.w3.org/TR/xhtml1/DTD/xhtml1-transitional.dtd">
<html xmlns="http://www.w3.org/1999/xhtml" xml:lang="en" lang="en">
 <head>
  <title>
</title>
<meta http-equiv="Content-Type" content="text/html;charset=utf-8" />
  <meta name='ocr-system' content='tesseract 3.04.00' />
  <meta name='ocr-capabilities' content='ocr_page ocr_carea ocr_par ocr_line ocrx_word'/>
</head>
<body>
  <div class='ocr_page' id='page_1' title='image "./petriablardiope00despgoog_0603.png"; bbox 0 0 4559 6100; ppageno 0'>
   <div class='ocr_carea' id='block_1_1' title="bbox 767 537 1845 612">
    <p class='ocr_par' dir='ltr' id='par_1_1' title="bbox 767 537 1845 612">
     <span class='ocr_line' id='line_1_1' title="bbox 767 537 1845 612; baseline 0.004 -5"><span class='ocrx_word' id='word_1_1' title='bbox 767 537 1023 609; x_wconf 76' lang='lat' dir='ltr'>rutotoott</span> <span class='ocrx_word' id='word_1_2' title='bbox 1057 538 1329 612; x_wconf 76' lang='lat' dir='ltr'>eflutstttttt.</span> <span class='ocrx_word' id='word_1_3' title='bbox 1775 540 1845 611; x_wconf 75' lang='lat'>555</span> 
     </span>
    </p>
   </div>
   <div class='ocr_carea' id='block_1_2' title="bbox 253 685 1847 1268">
    <p class='ocr_par' dir='ltr' id='par_1_2' title="bbox 253 685 1847 1268">
     <span class='ocr_line' id='line_1_2' title="bbox 254 685 1847 788; baseline 0 -26"><span class='ocrx_word' id='word_1_4' title='bbox 254 705 369 762; x_wconf 83' lang='lat' dir='ltr'>torem</span> <span class='ocrx_word' id='word_1_5' title='bbox 391 714 433 762; x_wconf 79' lang='lat' dir='ltr'>ac</span> <span class='ocrx_word' id='word_1_6' title='bbox 448 704 624 763; x_wconf 86' lang='lat' dir='ltr'>rectorem</span> <span class='ocrx_word' id='word_1_7' title='bbox 643 689 781 762; x_wconf 89' lang='lat' dir='ltr'>mundo</span> <span class='ocrx_word' id='word_1_8' title='bbox 797 714 946 787; x_wconf 83' lang='lat' dir='ltr'>praeesse</span> <span class='ocrx_word' id='word_1_9' title='bbox 963 689 1155 762; x_wconf 83' lang='lat' dir='ltr'>conveniat</span> <span class='ocrx_word' id='word_1_10' title='bbox 1174 711 1286 785; x_wconf 91' lang='lat' dir='ltr'>quam</span> <span class='ocrx_word' id='word_1_11' title='bbox 1307 685 1446 788; x_wconf 89' lang='lat' dir='ltr'>plures,</span> <span class='ocrx_word' id='word_1_12' title='bbox 1466 701 1573 786; x_wconf 90' lang='lat' dir='ltr'>atque</span> <span class='ocrx_word' id='word_1_13' title='bbox 1594 713 1710 761; x_wconf 86' lang='lat' dir='ltr'>unum</span> <span class='ocrx_word' id='word_1_14' title='bbox 1726 691 1847 788; x_wconf 86' lang='lat' dir='ltr'>potius</span> 
     </span>
     <span class='ocr_line' id='line_1_3' title="bbox 254 807 1843 908; baseline 0.001 -28"><span class='ocrx_word' id='word_1_15' title='bbox 254 814 371 883; x_wconf 84' lang='lat' dir='ltr'>Deum</span> <span class='ocrx_word' id='word_1_16' title='bbox 397 834 439 882; x_wconf 87' lang='lat' dir='ltr'>ac</span> <span class='ocrx_word' id='word_1_17' title='bbox 460 812 657 883; x_wconf 91' lang='lat' dir='ltr'>Dominum</span> <span class='ocrx_word' id='word_1_18' title='bbox 679 811 845 881; x_wconf 90' lang='lat' dir='ltr'>omnium</span> <span class='ocrx_word' id='word_1_19' title='bbox 862 809 1108 908; x_wconf 82' lang='lat' dir='ltr'>quamplures</span> <span class='ocrx_word' id='word_1_20' title='bbox 1129 807 1229 879; x_wconf 89' lang='lat' dir='ltr'>credi</span> <span class='ocrx_word' id='word_1_21' title='bbox 1249 821 1426 905; x_wconf 88' lang='lat' dir='ltr'>oporteat.</span> <span class='ocrx_word' id='word_1_22' title='bbox 1452 809 1597 879; x_wconf 78' lang='lat' dir='ltr'>Certum</span> <span class='ocrx_word' id='word_1_23' title='bbox 1620 809 1754 908; x_wconf 86' lang='lat' dir='ltr'>quippe</span> <span class='ocrx_word' id='word_1_24' title='bbox 1778 825 1843 901; x_wconf 82' lang='lat' dir='ltr'>est,</span> 
     </span>
     <span class='ocr_line' id='line_1_4' title="bbox 254 927 1846 1026; baseline 0 -25"><span class='ocrx_word' id='word_1_25' title='bbox 254 932 376 1003; x_wconf 88' lang='lat' dir='ltr'>omnia</span> <span class='ocrx_word' id='word_1_26' title='bbox 394 944 494 1002; x_wconf 89' lang='lat' dir='ltr'>tanto</span> <span class='ocrx_word' id='word_1_27' title='bbox 517 930 645 1026; x_wconf 87' lang='lat' dir='ltr'>majori</span> <span class='ocrx_word' id='word_1_28' title='bbox 668 930 862 1004; x_wconf 87' lang='lat' dir='ltr'>concordia</span> <span class='ocrx_word' id='word_1_29' title='bbox 883 929 972 1025; x_wconf 85' lang='lat' dir='ltr'>regi,</span> <span class='ocrx_word' id='word_1_30' title='bbox 991 941 1127 1025; x_wconf 84' lang='lat' dir='ltr'>quanto</span> <span class='ocrx_word' id='word_1_31' title='bbox 1150 927 1379 1026; x_wconf 73' lang='lat' dir='ltr'><strong>paucioribus</strong></span> <span class='ocrx_word' id='word_1_32' title='bbox 1401 950 1488 1000; x_wconf 89' lang='lat' dir='ltr'>cura</span> <span class='ocrx_word' id='word_1_33' title='bbox 1513 928 1695 1023; x_wconf 77' lang='lat' dir='ltr'>regiminis</span> <span class='ocrx_word' id='word_1_34' title='bbox 1719 953 1846 1001; x_wconf 83' lang='lat' dir='ltr'>eorum</span> 
     </span>
     <span class='ocr_line' id='line_1_5' title="bbox 253 1045 1846 1144; baseline 0.001 -24"><span class='ocrx_word' id='word_1_35' title='bbox 253 1051 444 1123; x_wconf 78' lang='lat' dir='ltr'>commissa</span> <span class='ocrx_word' id='word_1_36' title='bbox 469 1063 533 1122; x_wconf 90' lang='lat' dir='ltr'>est.</span> <span class='ocrx_word' id='word_1_37' title='bbox 562 1048 656 1121; x_wconf 89' lang='lat' dir='ltr'>Nihil</span> <span class='ocrx_word' id='word_1_38' title='bbox 678 1064 796 1123; x_wconf 90' lang='lat' dir='ltr'>autem</span> <span class='ocrx_word' id='word_1_39' title='bbox 823 1049 950 1121; x_wconf 90' lang='lat' dir='ltr'>melius</span> <span class='ocrx_word' id='word_1_40' title='bbox 977 1062 1040 1121; x_wconf 87' lang='lat' dir='ltr'>aut</span> <span class='ocrx_word' id='word_1_41' title='bbox 1063 1046 1192 1141; x_wconf 81' lang='lat' dir='ltr'>majori</span> <span class='ocrx_word' id='word_1_42' title='bbox 1216 1045 1409 1119; x_wconf 88' lang='lat' dir='ltr'>concordia</span> <span class='ocrx_word' id='word_1_43' title='bbox 1431 1048 1506 1142; x_wconf 84' lang='lat' dir='ltr'>regi</span> <span class='ocrx_word' id='word_1_44' title='bbox 1533 1070 1642 1144; x_wconf 90' lang='lat' dir='ltr'>quarn</span> <span class='ocrx_word' id='word_1_45' title='bbox 1669 1047 1846 1121; x_wconf 84' lang='lat' dir='ltr'>muudum</span> 
     </span>
     <span class='ocr_line' id='line_1_6' title="bbox 253 1165 1846 1268; baseline 0.001 -29"><span class='ocrx_word' id='word_1_46' title='bbox 253 1182 392 1241; x_wconf 88' lang='lat' dir='ltr'>constat</span> <span class='ocrx_word' id='word_1_47' title='bbox 407 1169 633 1261; x_wconf 84' lang='lat' dir='ltr'>universum,</span> <span class='ocrx_word' id='word_1_48' title='bbox 652 1170 744 1241; x_wconf 91' lang='lat' dir='ltr'>sicut</span> <span class='ocrx_word' id='word_1_49' title='bbox 766 1193 876 1268; x_wconf 86' lang='lat' dir='ltr'>supra</span> <span class='ocrx_word' id='word_1_50' title='bbox 889 1168 1050 1241; x_wconf 83' lang='lat' dir='ltr'>Tulliana</span> <span class='ocrx_word' id='word_1_51' title='bbox 1067 1166 1232 1264; x_wconf 79' lang='lat' dir='ltr'><strong>exposuit</strong></span> <span class='ocrx_word' id='word_1_52' title='bbox 1251 1166 1357 1238; x_wconf 84' lang='lat' dir='ltr'>ratio.</span> <span class='ocrx_word' id='word_1_53' title='bbox 1377 1165 1447 1237; x_wconf 91' lang='lat' dir='ltr'>Uni</span> <span class='ocrx_word' id='word_1_54' title='bbox 1464 1165 1571 1262; x_wconf 83' lang='lat' dir='ltr'>igitur</span> <span class='ocrx_word' id='word_1_55' title='bbox 1591 1166 1667 1262; x_wconf 83' lang='lat' dir='ltr'>ejus</span> <span class='ocrx_word' id='word_1_56' title='bbox 1688 1166 1846 1264; x_wconf 82' lang='lat' dir='ltr'>regimen</span> 
     </span>
    </p>
   </div>
   <div class='ocr_carea' id='block_1_3' title="bbox 244 1284 1847 5209">
    <p class='ocr_par' dir='ltr' id='par_1_3' title="bbox 244 1284 1847 5209">
     <span class='ocr_line' id='line_1_7' title="bbox 252 1284 1847 1387; baseline 0.001 -29"><span class='ocrx_word' id='word_1_57' title='bbox 252 1287 454 1384; x_wconf 84' lang='lat' dir='ltr'>subjectum</span> <span class='ocrx_word' id='word_1_58' title='bbox 477 1302 542 1361; x_wconf 89' lang='lat' dir='ltr'>est.</span> <span class='ocrx_word' id='word_1_59' title='bbox 570 1288 663 1360; x_wconf 92' lang='lat' dir='ltr'>Nihil</span> <span class='ocrx_word' id='word_1_60' title='bbox 689 1290 836 1387; x_wconf 84' lang='lat' dir='ltr'>quippe,</span> <span class='ocrx_word' id='word_1_61' title='bbox 865 1303 906 1360; x_wconf 90' lang='lat' dir='ltr'>ut</span> <span class='ocrx_word' id='word_1_62' title='bbox 930 1288 1067 1361; x_wconf 91' lang='lat' dir='ltr'>dictum</span> <span class='ocrx_word' id='word_1_63' title='bbox 1092 1300 1163 1375; x_wconf 84' lang='lat' dir='ltr'>est,</span> <span class='ocrx_word' id='word_1_64' title='bbox 1185 1286 1314 1381; x_wconf 89' lang='lat' dir='ltr'>majori</span> <span class='ocrx_word' id='word_1_65' title='bbox 1335 1284 1531 1358; x_wconf 89' lang='lat' dir='ltr'>concordia</span> <span class='ocrx_word' id='word_1_66' title='bbox 1556 1310 1666 1383; x_wconf 89' lang='lat' dir='ltr'>quam</span> <span class='ocrx_word' id='word_1_67' title='bbox 1690 1287 1847 1359; x_wconf 84' lang='lat' dir='ltr'>mundus</span> 
     </span>
     <span class='ocr_line' id='line_1_8' title="bbox 252 1403 1846 1505; baseline 0.001 -29"><span class='ocrx_word' id='word_1_68' title='bbox 252 1408 399 1502; x_wconf 82' lang='lat' dir='ltr'>regitur,</span> <span class='ocrx_word' id='word_1_69' title='bbox 415 1432 482 1480; x_wconf 89' lang='lat' dir='ltr'>nec</span> <span class='ocrx_word' id='word_1_70' title='bbox 495 1409 602 1481; x_wconf 89' lang='lat' dir='ltr'>etiam</span> <span class='ocrx_word' id='word_1_71' title='bbox 617 1433 673 1480; x_wconf 85' lang='lat' dir='ltr'>res</span> <span class='ocrx_word' id='word_1_72' title='bbox 689 1432 731 1481; x_wconf 89' lang='lat' dir='ltr'>ea</span> <span class='ocrx_word' id='word_1_73' title='bbox 745 1407 924 1505; x_wconf 70' lang='lat' dir='ltr'>quaelibet,</span> <span class='ocrx_word' id='word_1_74' title='bbox 941 1408 1000 1479; x_wconf 90' lang='lat' dir='ltr'>cui</span> <span class='ocrx_word' id='word_1_75' title='bbox 1016 1431 1109 1478; x_wconf 91' lang='lat' dir='ltr'>unus</span> <span class='ocrx_word' id='word_1_76' title='bbox 1123 1419 1262 1476; x_wconf 88' lang='lat' dir='ltr'>tantum</span> <span class='ocrx_word' id='word_1_77' title='bbox 1276 1404 1441 1503; x_wconf 87' lang='lat' dir='ltr'>praesidet</span> <span class='ocrx_word' id='word_1_78' title='bbox 1455 1418 1585 1476; x_wconf 90' lang='lat' dir='ltr'>rector.</span> <span class='ocrx_word' id='word_1_79' title='bbox 1605 1403 1711 1477; x_wconf 86' lang='lat' dir='ltr'>Nullo</span> <span class='ocrx_word' id='word_1_80' title='bbox 1726 1407 1846 1503; x_wconf 86' lang='lat' dir='ltr'>itaque</span> 
     </span>
     <span class='ocr_line' id='line_1_9' title="bbox 253 1523 1846 1625; baseline 0.002 -29"><span class='ocrx_word' id='word_1_81' title='bbox 253 1525 365 1597; x_wconf 88' lang='lat' dir='ltr'>modo</span> <span class='ocrx_word' id='word_1_82' title='bbox 392 1526 554 1624; x_wconf 87' lang='lat' dir='ltr'>pluribus</span> <span class='ocrx_word' id='word_1_83' title='bbox 583 1526 781 1601; x_wconf 89' lang='lat' dir='ltr'>rectoribus</span> <span class='ocrx_word' id='word_1_84' title='bbox 806 1527 964 1599; x_wconf 91' lang='lat' dir='ltr'>muudus</span> <span class='ocrx_word' id='word_1_85' title='bbox 1000 1524 1178 1623; x_wconf 85' lang='lat' dir='ltr'>subjacet,</span> <span class='ocrx_word' id='word_1_86' title='bbox 1208 1523 1271 1596; x_wconf 90' lang='lat' dir='ltr'>sed</span> <span class='ocrx_word' id='word_1_87' title='bbox 1297 1523 1361 1595; x_wconf 90' lang='lat' dir='ltr'>uni</span> <span class='ocrx_word' id='word_1_88' title='bbox 1387 1536 1540 1596; x_wconf 89' lang='lat' dir='ltr'>tantum.</span> <span class='ocrx_word' id='word_1_89' title='bbox 1567 1527 1680 1596; x_wconf 90' lang='lat' dir='ltr'>Tanto</span> <span class='ocrx_word' id='word_1_90' title='bbox 1712 1527 1846 1625; x_wconf 87' lang='lat' dir='ltr'>quippe</span> 
     </span>
     <span class='ocr_line' id='line_1_10' title="bbox 253 1641 1846 1741; baseline 0.002 -26"><span class='ocrx_word' id='word_1_91' title='bbox 253 1646 370 1741; x_wconf 85' lang='lat' dir='ltr'>major</span> <span class='ocrx_word' id='word_1_92' title='bbox 397 1647 435 1718; x_wconf 89' lang='lat' dir='ltr'>in</span> <span class='ocrx_word' id='word_1_93' title='bbox 461 1646 632 1719; x_wconf 89' lang='lat' dir='ltr'>omnibus</span> <span class='ocrx_word' id='word_1_94' title='bbox 657 1646 859 1719; x_wconf 82' lang='lat' dir='ltr'>custoditur</span> <span class='ocrx_word' id='word_1_95' title='bbox 881 1646 1097 1732; x_wconf 84' lang='lat' dir='ltr'>concordia,</span> <span class='ocrx_word' id='word_1_96' title='bbox 1126 1659 1263 1739; x_wconf 75' lang='lat' dir='ltr'>&lt;panto</span> <span class='ocrx_word' id='word_1_97' title='bbox 1288 1641 1405 1739; x_wconf 87' lang='lat' dir='ltr'>major</span> <span class='ocrx_word' id='word_1_98' title='bbox 1429 1657 1570 1715; x_wconf 85' lang='lat' dir='ltr'>tenetur</span> <span class='ocrx_word' id='word_1_99' title='bbox 1596 1643 1783 1736; x_wconf 80' lang='lat' dir='ltr'>identitas3</span> <span class='ocrx_word' id='word_1_100' title='bbox 1810 1661 1846 1718; x_wconf 92' lang='lat' dir='ltr'>et</span> 
     </span>
     <span class='ocr_line' id='line_1_11' title="bbox 252 1762 1845 1863; baseline 0.001 -29"><span class='ocrx_word' id='word_1_101' title='bbox 252 1777 354 1836; x_wconf 89' lang='lat' dir='ltr'>tanto</span> <span class='ocrx_word' id='word_1_102' title='bbox 378 1767 532 1863; x_wconf 89' lang='lat' dir='ltr'>amplius</span> <span class='ocrx_word' id='word_1_103' title='bbox 554 1790 576 1837; x_wconf 87' lang='lat' dir='ltr'>a</span> <span class='ocrx_word' id='word_1_104' title='bbox 599 1766 793 1840; x_wconf 89' lang='lat' dir='ltr'>concordia</span> <span class='ocrx_word' id='word_1_105' title='bbox 819 1765 1009 1856; x_wconf 82' lang='lat' dir='ltr'>receditur,</span> <span class='ocrx_word' id='word_1_106' title='bbox 1035 1778 1171 1862; x_wconf 89' lang='lat' dir='ltr'>quanto</span> <span class='ocrx_word' id='word_1_107' title='bbox 1197 1763 1243 1835; x_wconf 87' lang='lat' dir='ltr'>ab</span> <span class='ocrx_word' id='word_1_108' title='bbox 1266 1762 1403 1834; x_wconf 89' lang='lat' dir='ltr'>unitate</span> <span class='ocrx_word' id='word_1_109' title='bbox 1426 1763 1538 1859; x_wconf 80' lang='lat' dir='ltr'>magis</span> <span class='ocrx_word' id='word_1_110' title='bbox 1563 1762 1777 1837; x_wconf 81' lang='lat' dir='ltr'>absceditur.</span> <span class='ocrx_word' id='word_1_111' title='bbox 1799 1770 1845 1837; x_wconf 92' lang='lat' dir='ltr'>Ut</span> 
     </span>
     <span class='ocr_line' id='line_1_12' title="bbox 250 1883 1846 1981; baseline 0.001 -29"><span class='ocrx_word' id='word_1_112' title='bbox 250 1907 338 1979; x_wconf 80' lang='lat' dir='ltr'>ergo</span> <span class='ocrx_word' id='word_1_113' title='bbox 355 1908 497 1957; x_wconf 88' lang='lat' dir='ltr'>summa</span> <span class='ocrx_word' id='word_1_114' title='bbox 519 1887 565 1957; x_wconf 89' lang='lat' dir='ltr'>sit</span> <span class='ocrx_word' id='word_1_115' title='bbox 580 1886 790 1977; x_wconf 89' lang='lat' dir='ltr'>concordia,</span> <span class='ocrx_word' id='word_1_116' title='bbox 810 1909 951 1958; x_wconf 89' lang='lat' dir='ltr'>summa</span> <span class='ocrx_word' id='word_1_117' title='bbox 971 1900 1134 1958; x_wconf 87' lang='lat' dir='ltr'>teneatur</span> <span class='ocrx_word' id='word_1_118' title='bbox 1153 1883 1338 1972; x_wconf 86' lang='lat' dir='ltr'>identitas,</span> <span class='ocrx_word' id='word_1_119' title='bbox 1358 1905 1400 1954; x_wconf 88' lang='lat' dir='ltr'>ac</span> <span class='ocrx_word' id='word_1_120' title='bbox 1418 1885 1598 1981; x_wconf 75' lang='lat' dir='ltr'>praecipua</span> <span class='ocrx_word' id='word_1_121' title='bbox 1612 1898 1846 1956; x_wconf 85' lang='lat' dir='ltr'>conservetur</span> 
     </span>
     <span class='ocr_line' id='line_1_13' title="bbox 252 2002 1846 2102; baseline 0.003 -31"><span class='ocrx_word' id='word_1_122' title='bbox 252 2003 380 2075; x_wconf 85' lang='lat' dir='ltr'>unitas.</span> <span class='ocrx_word' id='word_1_123' title='bbox 405 2003 500 2076; x_wconf 87' lang='lat' dir='ltr'>Nihil</span> <span class='ocrx_word' id='word_1_124' title='bbox 518 2019 638 2076; x_wconf 87' lang='lat' dir='ltr'>autem</span> <span class='ocrx_word' id='word_1_125' title='bbox 654 2029 738 2077; x_wconf 86' lang='lat' dir='ltr'>cum</span> <span class='ocrx_word' id='word_1_126' title='bbox 754 2004 876 2101; x_wconf 88' lang='lat' dir='ltr'>aliquo</span> <span class='ocrx_word' id='word_1_127' title='bbox 891 2006 942 2077; x_wconf 91' lang='lat' dir='ltr'>ita</span> <span class='ocrx_word' id='word_1_128' title='bbox 957 2018 996 2075; x_wconf 85' lang='lat' dir='ltr'>ut</span> <span class='ocrx_word' id='word_1_129' title='bbox 1012 2029 1134 2077; x_wconf 84' lang='lat' dir='ltr'>secum</span> <span class='ocrx_word' id='word_1_130' title='bbox 1151 2002 1247 2075; x_wconf 86' lang='lat' dir='ltr'>idem</span> <span class='ocrx_word' id='word_1_131' title='bbox 1265 2026 1341 2074; x_wconf 82' lang='lat' dir='ltr'>esse</span> <span class='ocrx_word' id='word_1_132' title='bbox 1356 2002 1414 2074; x_wconf 83' lang='lat' dir='ltr'>vel</span> <span class='ocrx_word' id='word_1_133' title='bbox 1431 2026 1545 2074; x_wconf 89' lang='lat' dir='ltr'>unum</span> <span class='ocrx_word' id='word_1_134' title='bbox 1561 2017 1694 2102; x_wconf 88' lang='lat' dir='ltr'>potest,</span> <span class='ocrx_word' id='word_1_135' title='bbox 1713 2028 1780 2076; x_wconf 86' lang='lat' dir='ltr'>nec</span> <span class='ocrx_word' id='word_1_136' title='bbox 1796 2006 1846 2076; x_wconf 86' lang='lat' dir='ltr'>ita</span> 
     </span>
     <span class='ocr_line' id='line_1_14' title="bbox 250 2120 1845 2221; baseline 0.004 -32"><span class='ocrx_word' id='word_1_137' title='bbox 250 2120 310 2191; x_wconf 91' lang='lat' dir='ltr'>alii</span> <span class='ocrx_word' id='word_1_138' title='bbox 328 2122 549 2194; x_wconf 87' lang='lat' dir='ltr'>concordare</span> <span class='ocrx_word' id='word_1_139' title='bbox 566 2138 607 2194; x_wconf 93' lang='lat' dir='ltr'>ut</span> <span class='ocrx_word' id='word_1_140' title='bbox 626 2122 706 2214; x_wconf 89' lang='lat' dir='ltr'>sibi,</span> <span class='ocrx_word' id='word_1_141' title='bbox 725 2148 807 2197; x_wconf 90' lang='lat' dir='ltr'>cum</span> <span class='ocrx_word' id='word_1_142' title='bbox 826 2147 849 2195; x_wconf 89' lang='lat' dir='ltr'>a</span> <span class='ocrx_word' id='word_1_143' title='bbox 866 2124 983 2221; x_wconf 90' lang='lat' dir='ltr'>seipso</span> <span class='ocrx_word' id='word_1_144' title='bbox 1001 2122 1090 2195; x_wconf 91' lang='lat' dir='ltr'>nihil</span> <span class='ocrx_word' id='word_1_145' title='bbox 1106 2122 1277 2195; x_wconf 85' lang='lat' dir='ltr'>dissimile</span> <span class='ocrx_word' id='word_1_146' title='bbox 1293 2122 1349 2192; x_wconf 89' lang='lat' dir='ltr'>sit.</span> <span class='ocrx_word' id='word_1_147' title='bbox 1377 2120 1430 2192; x_wconf 87' lang='lat' dir='ltr'>Ad</span> <span class='ocrx_word' id='word_1_148' title='bbox 1447 2146 1562 2192; x_wconf 91' lang='lat' dir='ltr'>unum</span> <span class='ocrx_word' id='word_1_149' title='bbox 1577 2122 1699 2219; x_wconf 87' lang='lat' dir='ltr'>itaque</span> <span class='ocrx_word' id='word_1_150' title='bbox 1715 2138 1845 2196; x_wconf 90' lang='lat' dir='ltr'>cuncta</span> 
     </span>
     <span class='ocr_line' id='line_1_15' title="bbox 250 2241 1845 2339; baseline 0.005 -31"><span class='ocrx_word' id='word_1_151' title='bbox 250 2254 411 2336; x_wconf 88' lang='lat' dir='ltr'>spectare</span> <span class='ocrx_word' id='word_1_152' title='bbox 445 2266 487 2313; x_wconf 88' lang='lat' dir='ltr'>ac</span> <span class='ocrx_word' id='word_1_153' title='bbox 513 2241 637 2314; x_wconf 75' lang='lat' dir='ltr'>referri</span> <span class='ocrx_word' id='word_1_154' title='bbox 663 2244 852 2336; x_wconf 86' lang='lat' dir='ltr'>convenit,</span> <span class='ocrx_word' id='word_1_155' title='bbox 881 2257 920 2314; x_wconf 91' lang='lat' dir='ltr'>ut</span> <span class='ocrx_word' id='word_1_156' title='bbox 946 2242 1047 2339; x_wconf 87' lang='lat' dir='ltr'>quod</span> <span class='ocrx_word' id='word_1_157' title='bbox 1074 2267 1196 2314; x_wconf 86' lang='lat' dir='ltr'>rerum</span> <span class='ocrx_word' id='word_1_158' title='bbox 1221 2241 1424 2312; x_wconf 82' lang='lat' dir='ltr'>diversitate</span> <span class='ocrx_word' id='word_1_159' title='bbox 1450 2243 1581 2337; x_wconf 83' lang='lat' dir='ltr'>agitur,</span> <span class='ocrx_word' id='word_1_160' title='bbox 1610 2266 1683 2314; x_wconf 90' lang='lat' dir='ltr'>una</span> <span class='ocrx_word' id='word_1_161' title='bbox 1706 2244 1845 2316; x_wconf 89' lang='lat' dir='ltr'>ratione</span> 
     </span>
     <span class='ocr_line' id='line_1_16' title="bbox 251 2359 1846 2458; baseline 0.004 -30"><span class='ocrx_word' id='word_1_162' title='bbox 251 2359 483 2433; x_wconf 88' lang='lat' dir='ltr'>concorditer</span> <span class='ocrx_word' id='word_1_163' title='bbox 507 2361 790 2445; x_wconf 83' lang='lat' dir='ltr'>administretur,</span> <span class='ocrx_word' id='word_1_164' title='bbox 819 2362 932 2435; x_wconf 91' lang='lat' dir='ltr'>modo</span> <span class='ocrx_word' id='word_1_165' title='bbox 959 2363 995 2433; x_wconf 92' lang='lat' dir='ltr'>iu</span> <span class='ocrx_word' id='word_1_166' title='bbox 1022 2362 1192 2434; x_wconf 89' lang='lat' dir='ltr'>omnibus</span> <span class='ocrx_word' id='word_1_167' title='bbox 1208 2386 1318 2458; x_wconf 89' lang='lat' dir='ltr'>quem</span> <span class='ocrx_word' id='word_1_168' title='bbox 1340 2374 1482 2458; x_wconf 86' lang='lat' dir='ltr'>oportet</span> <span class='ocrx_word' id='word_1_169' title='bbox 1507 2375 1660 2433; x_wconf 82' lang='lat' dir='ltr'>servato.</span> <span class='ocrx_word' id='word_1_170' title='bbox 1686 2361 1756 2434; x_wconf 85' lang='lat' dir='ltr'>Sed</span> <span class='ocrx_word' id='word_1_171' title='bbox 1778 2386 1846 2435; x_wconf 90' lang='lat' dir='ltr'>nec</span> 
     </span>
     <span class='ocr_line' id='line_1_17' title="bbox 249 2474 1846 2579; baseline 0.006 -33"><span class='ocrx_word' id='word_1_172' title='bbox 249 2474 370 2573; x_wconf 90' lang='lat' dir='ltr'>plures</span> <span class='ocrx_word' id='word_1_173' title='bbox 387 2479 433 2551; x_wconf 88' lang='lat' dir='ltr'>ad</span> <span class='ocrx_word' id='word_1_174' title='bbox 458 2505 579 2552; x_wconf 88' lang='lat' dir='ltr'>rerum</span> <span class='ocrx_word' id='word_1_175' title='bbox 596 2483 814 2554; x_wconf 84' lang='lat' dir='ltr'>creationem</span> <span class='ocrx_word' id='word_1_176' title='bbox 837 2482 949 2579; x_wconf 81' lang='lat' dir='ltr'>magis</span> <span class='ocrx_word' id='word_1_177' title='bbox 964 2506 1074 2578; x_wconf 84' lang='lat' dir='ltr'>quam</span> <span class='ocrx_word' id='word_1_178' title='bbox 1091 2481 1138 2553; x_wconf 91' lang='lat' dir='ltr'>ad</span> <span class='ocrx_word' id='word_1_179' title='bbox 1156 2479 1319 2577; x_wconf 80' lang='lat' dir='ltr'>gencrale</span> <span class='ocrx_word' id='word_1_180' title='bbox 1336 2503 1459 2551; x_wconf 87' lang='lat' dir='ltr'>earum</span> <span class='ocrx_word' id='word_1_181' title='bbox 1477 2481 1634 2576; x_wconf 84' lang='lat' dir='ltr'>regimen</span> <span class='ocrx_word' id='word_1_182' title='bbox 1651 2484 1846 2556; x_wconf 81' lang='lat' dir='ltr'>convenire</span> 
     </span>
     <span class='ocr_line' id='line_1_18' title="bbox 250 2596 1842 2697; baseline 0.006 -32"><span class='ocrx_word' id='word_1_183' title='bbox 250 2596 472 2670; x_wconf 88' lang='lat' dir='ltr'>credendum</span> <span class='ocrx_word' id='word_1_184' title='bbox 492 2616 559 2690; x_wconf 88' lang='lat' dir='ltr'>est,</span> <span class='ocrx_word' id='word_1_185' title='bbox 577 2601 640 2673; x_wconf 90' lang='lat' dir='ltr'>sed</span> <span class='ocrx_word' id='word_1_186' title='bbox 655 2600 702 2673; x_wconf 87' lang='lat' dir='ltr'>ab</span> <span class='ocrx_word' id='word_1_187' title='bbox 718 2627 794 2675; x_wconf 87' lang='lat' dir='ltr'>uno</span> <span class='ocrx_word' id='word_1_188' title='bbox 812 2617 957 2674; x_wconf 87' lang='lat' dir='ltr'>naturas</span> <span class='ocrx_word' id='word_1_189' title='bbox 971 2626 1098 2673; x_wconf 88' lang='lat' dir='ltr'>omues</span> <span class='ocrx_word' id='word_1_190' title='bbox 1110 2599 1188 2672; x_wconf 81' lang='lat' dir='ltr'>fieri</span> <span class='ocrx_word' id='word_1_191' title='bbox 1204 2601 1296 2671; x_wconf 91' lang='lat' dir='ltr'>sicut</span> <span class='ocrx_word' id='word_1_192' title='bbox 1310 2613 1346 2671; x_wconf 90' lang='lat' dir='ltr'>et</span> <span class='ocrx_word' id='word_1_193' title='bbox 1361 2600 1436 2696; x_wconf 85' lang='lat' dir='ltr'>regi</span> <span class='ocrx_word' id='word_1_194' title='bbox 1453 2614 1659 2697; x_wconf 83' lang='lat' dir='ltr'>opportune</span> <span class='ocrx_word' id='word_1_195' title='bbox 1673 2601 1842 2695; x_wconf 86' lang='lat' dir='ltr'>creditur,</span> 
     </span>
     <span class='ocr_line' id='line_1_19' title="bbox 251 2720 1846 2820; baseline 0.006 -35"><span class='ocrx_word' id='word_1_196' title='bbox 251 2728 291 2785; x_wconf 91' lang='lat' dir='ltr'>ut</span> <span class='ocrx_word' id='word_1_197' title='bbox 308 2730 408 2789; x_wconf 87' lang='lat' dir='ltr'>tauto</span> <span class='ocrx_word' id='word_1_198' title='bbox 425 2720 646 2793; x_wconf 88' lang='lat' dir='ltr'>concordius</span> <span class='ocrx_word' id='word_1_199' title='bbox 660 2723 736 2817; x_wconf 80' lang='lat' dir='ltr'>regi</span> <span class='ocrx_word' id='word_1_200' title='bbox 753 2723 907 2812; x_wconf 78' lang='lat' dir='ltr'>valeant,</span> <span class='ocrx_word' id='word_1_201' title='bbox 925 2736 1062 2820; x_wconf 90' lang='lat' dir='ltr'>quanto</span> <span class='ocrx_word' id='word_1_202' title='bbox 1079 2720 1206 2817; x_wconf 90' lang='lat' dir='ltr'>majori</span> <span class='ocrx_word' id='word_1_203' title='bbox 1222 2733 1307 2792; x_wconf 88' lang='lat' dir='ltr'>sunt</span> <span class='ocrx_word' id='word_1_204' title='bbox 1323 2743 1494 2790; x_wconf 80' lang='lat' dir='ltr'>counexae</span> <span class='ocrx_word' id='word_1_205' title='bbox 1507 2720 1714 2793; x_wconf 90' lang='lat' dir='ltr'>concordia.</span> <span class='ocrx_word' id='word_1_206' title='bbox 1732 2725 1846 2794; x_wconf 83' lang='lat' dir='ltr'>Tanto</span> 
     </span>
     <span class='ocr_line' id='line_1_20' title="bbox 249 2838 1846 2940; baseline 0.005 -34"><span class='ocrx_word' id='word_1_207' title='bbox 249 2849 369 2908; x_wconf 90' lang='lat' dir='ltr'>autem</span> <span class='ocrx_word' id='word_1_208' title='bbox 392 2839 510 2933; x_wconf 86' lang='lat' dir='ltr'>major</span> <span class='ocrx_word' id='word_1_209' title='bbox 533 2854 586 2911; x_wconf 90' lang='lat' dir='ltr'>est</span> <span class='ocrx_word' id='word_1_210' title='bbox 608 2864 733 2914; x_wconf 89' lang='lat' dir='ltr'>earum</span> <span class='ocrx_word' id='word_1_211' title='bbox 755 2841 964 2933; x_wconf 88' lang='lat' dir='ltr'>concordia,</span> <span class='ocrx_word' id='word_1_212' title='bbox 991 2855 1126 2938; x_wconf 87' lang='lat' dir='ltr'>quanto</span> <span class='ocrx_word' id='word_1_213' title='bbox 1150 2840 1302 2938; x_wconf 89' lang='lat' dir='ltr'>amplius</span> <span class='ocrx_word' id='word_1_214' title='bbox 1321 2838 1368 2911; x_wconf 86' lang='lat' dir='ltr'>ab</span> <span class='ocrx_word' id='word_1_215' title='bbox 1391 2862 1467 2910; x_wconf 90' lang='lat' dir='ltr'>uno</span> <span class='ocrx_word' id='word_1_216' title='bbox 1484 2838 1686 2938; x_wconf 86' lang='lat' dir='ltr'>eodemque</span> <span class='ocrx_word' id='word_1_217' title='bbox 1704 2844 1846 2940; x_wconf 88' lang='lat' dir='ltr'>penitus</span> 
     </span>
     <span class='ocr_line' id='line_1_21' title="bbox 249 2958 1844 3059; baseline 0.006 -35"><span class='ocrx_word' id='word_1_218' title='bbox 249 2978 393 3054; x_wconf 87' lang='lat' dir='ltr'>semper</span> <span class='ocrx_word' id='word_1_219' title='bbox 405 2959 584 3059; x_wconf 92' lang='lat' dir='ltr'>principio</span> <span class='ocrx_word' id='word_1_220' title='bbox 594 2975 757 3051; x_wconf 86' lang='lat' dir='ltr'>manant,</span> <span class='ocrx_word' id='word_1_221' title='bbox 774 2977 808 3034; x_wconf 89' lang='lat' dir='ltr'>et</span> <span class='ocrx_word' id='word_1_222' title='bbox 819 2985 942 3033; x_wconf 89' lang='lat' dir='ltr'>earum</span> <span class='ocrx_word' id='word_1_223' title='bbox 957 2960 1080 3034; x_wconf 80' lang='lat' dir='ltr'>artifex</span> <span class='ocrx_word' id='word_1_224' title='bbox 1099 2985 1119 3031; x_wconf 88' lang='lat' dir='ltr'>a</span> <span class='ocrx_word' id='word_1_225' title='bbox 1137 2958 1398 3058; x_wconf 84' lang='lat' dir='ltr'>multiplicitate</span> <span class='ocrx_word' id='word_1_226' title='bbox 1415 2981 1457 3029; x_wconf 87' lang='lat' dir='ltr'>ac</span> <span class='ocrx_word' id='word_1_227' title='bbox 1475 2958 1679 3031; x_wconf 89' lang='lat' dir='ltr'>diversitate</span> <span class='ocrx_word' id='word_1_228' title='bbox 1696 2961 1844 3034; x_wconf 83' lang='lat' dir='ltr'>recedit.</span> 
     </span>
     <span class='ocr_line' id='line_1_22' title="bbox 249 3076 1844 3177; baseline 0.006 -34"><span class='ocrx_word' id='word_1_229' title='bbox 249 3077 354 3146; x_wconf 87' lang='lat' dir='ltr'>Facta</span> <span class='ocrx_word' id='word_1_230' title='bbox 367 3089 488 3146; x_wconf 88' lang='lat' dir='ltr'>autem</span> <span class='ocrx_word' id='word_1_231' title='bbox 505 3090 589 3148; x_wconf 89' lang='lat' dir='ltr'>suut</span> <span class='ocrx_word' id='word_1_232' title='bbox 604 3082 783 3175; x_wconf 87' lang='lat' dir='ltr'>primitus,</span> <span class='ocrx_word' id='word_1_233' title='bbox 803 3100 842 3150; x_wconf 91' lang='lat' dir='ltr'>ut</span> <span class='ocrx_word' id='word_1_234' title='bbox 857 3082 993 3177; x_wconf 89' lang='lat' dir='ltr'>optime</span> <span class='ocrx_word' id='word_1_235' title='bbox 1010 3094 1133 3176; x_wconf 86' lang='lat' dir='ltr'>postea</span> <span class='ocrx_word' id='word_1_236' title='bbox 1150 3094 1371 3174; x_wconf 80' lang='lat' dir='ltr'>regerentur,</span> <span class='ocrx_word' id='word_1_237' title='bbox 1391 3093 1426 3150; x_wconf 89' lang='lat' dir='ltr'>et</span> <span class='ocrx_word' id='word_1_238' title='bbox 1442 3103 1522 3176; x_wconf 82' lang='lat' dir='ltr'>quae</span> <span class='ocrx_word' id='word_1_239' title='bbox 1538 3076 1671 3151; x_wconf 85' lang='lat' dir='ltr'>fiebant</span> <span class='ocrx_word' id='word_1_240' title='bbox 1687 3096 1727 3151; x_wconf 90' lang='lat' dir='ltr'>ut</span> <span class='ocrx_word' id='word_1_241' title='bbox 1744 3105 1844 3177; x_wconf 83' lang='lat' dir='ltr'>rege-</span> 
     </span>
     <span class='ocr_line' id='line_1_23' title="bbox 249 3193 1844 3297; baseline 0.006 -34"><span class='ocrx_word' id='word_1_242' title='bbox 249 3207 386 3284; x_wconf 85' lang='lat' dir='ltr'>rentur,</span> <span class='ocrx_word' id='word_1_243' title='bbox 407 3193 453 3265; x_wconf 90' lang='lat' dir='ltr'>ad</span> <span class='ocrx_word' id='word_1_244' title='bbox 479 3194 678 3290; x_wconf 87' lang='lat' dir='ltr'>regendum</span> <span class='ocrx_word' id='word_1_245' title='bbox 701 3199 825 3293; x_wconf 88' lang='lat' dir='ltr'>utiquc</span> <span class='ocrx_word' id='word_1_246' title='bbox 841 3198 930 3270; x_wconf 92' lang='lat' dir='ltr'>dum</span> <span class='ocrx_word' id='word_1_247' title='bbox 949 3197 1076 3271; x_wconf 86' lang='lat' dir='ltr'>fierent</span> <span class='ocrx_word' id='word_1_248' title='bbox 1091 3197 1396 3296; x_wconf 79' lang='lat' dir='ltr'>praeparabantur.</span> <span class='ocrx_word' id='word_1_249' title='bbox 1420 3202 1466 3268; x_wconf 90' lang='lat' dir='ltr'>Ut</span> <span class='ocrx_word' id='word_1_250' title='bbox 1489 3220 1573 3294; x_wconf 77' lang='lat' dir='ltr'>ergo</span> <span class='ocrx_word' id='word_1_251' title='bbox 1595 3199 1730 3297; x_wconf 90' lang='lat' dir='ltr'>optime</span> <span class='ocrx_word' id='word_1_252' title='bbox 1745 3224 1844 3297; x_wconf 85' lang='lat' dir='ltr'>rege·</span> 
     </span>
     <span class='ocr_line' id='line_1_24' title="bbox 248 3312 1846 3416; baseline 0.008 -36"><span class='ocrx_word' id='word_1_253' title='bbox 248 3325 374 3383; x_wconf 84' lang='lat' dir='ltr'>rentur</span> <span class='ocrx_word' id='word_1_254' title='bbox 399 3312 510 3403; x_wconf 83' lang='lat' dir='ltr'>lacta,</span> <span class='ocrx_word' id='word_1_255' title='bbox 537 3315 675 3412; x_wconf 88' lang='lat' dir='ltr'>optime</span> <span class='ocrx_word' id='word_1_256' title='bbox 700 3316 789 3388; x_wconf 89' lang='lat' dir='ltr'>dum</span> <span class='ocrx_word' id='word_1_257' title='bbox 813 3316 941 3390; x_wconf 86' lang='lat' dir='ltr'>fierent</span> <span class='ocrx_word' id='word_1_258' title='bbox 963 3318 1009 3390; x_wconf 88' lang='lat' dir='ltr'>ad</span> <span class='ocrx_word' id='word_1_259' title='bbox 1034 3316 1232 3414; x_wconf 86' lang='lat' dir='ltr'>regendum</span> <span class='ocrx_word' id='word_1_260' title='bbox 1257 3331 1359 3388; x_wconf 87' lang='lat' dir='ltr'>erant</span> <span class='ocrx_word' id='word_1_261' title='bbox 1383 3315 1628 3416; x_wconf 87' lang='lat' dir='ltr'>praeparanda.</span> <span class='ocrx_word' id='word_1_262' title='bbox 1646 3320 1846 3405; x_wconf 89' lang='lat' dir='ltr'>Quomodo</span> 
     </span>
     <span class='ocr_line' id='line_1_25' title="bbox 247 3433 1841 3535; baseline 0.006 -34"><span class='ocrx_word' id='word_1_263' title='bbox 247 3445 368 3503; x_wconf 89' lang='lat' dir='ltr'>autem</span> <span class='ocrx_word' id='word_1_264' title='bbox 386 3433 521 3530; x_wconf 90' lang='lat' dir='ltr'>optime</span> <span class='ocrx_word' id='word_1_265' title='bbox 537 3449 781 3532; x_wconf 86' lang='lat' dir='ltr'>praeparautur</span> <span class='ocrx_word' id='word_1_266' title='bbox 798 3437 885 3509; x_wconf 92' lang='lat' dir='ltr'>dum</span> <span class='ocrx_word' id='word_1_267' title='bbox 903 3436 1043 3527; x_wconf 87' lang='lat' dir='ltr'>fierent,</span> <span class='ocrx_word' id='word_1_268' title='bbox 1062 3450 1102 3508; x_wconf 87' lang='lat' dir='ltr'>ut</span> <span class='ocrx_word' id='word_1_269' title='bbox 1119 3436 1209 3508; x_wconf 83' lang='lat' dir='ltr'>facta</span> <span class='ocrx_word' id='word_1_270' title='bbox 1225 3436 1459 3535; x_wconf 92' lang='lat' dir='ltr'>postmodum</span> <span class='ocrx_word' id='word_1_271' title='bbox 1474 3436 1610 3534; x_wconf 89' lang='lat' dir='ltr'>optimo</span> <span class='ocrx_word' id='word_1_272' title='bbox 1623 3454 1841 3533; x_wconf 81' lang='lat' dir='ltr'>regerentur,</span> 
     </span>
     <span class='ocr_line' id='line_1_26' title="bbox 249 3549 1844 3656; baseline 0.008 -37"><span class='ocrx_word' id='word_1_273' title='bbox 249 3549 317 3620; x_wconf 90' lang='lat' dir='ltr'>uisi</span> <span class='ocrx_word' id='word_1_274' title='bbox 334 3575 477 3624; x_wconf 88' lang='lat' dir='ltr'>summa</span> <span class='ocrx_word' id='word_1_275' title='bbox 495 3553 648 3626; x_wconf 77' lang='lat' dir='ltr'>invicem</span> <span class='ocrx_word' id='word_1_276' title='bbox 669 3556 864 3628; x_wconf 90' lang='lat' dir='ltr'>concordia</span> <span class='ocrx_word' id='word_1_277' title='bbox 887 3582 930 3629; x_wconf 89' lang='lat' dir='ltr'>ex</span> <span class='ocrx_word' id='word_1_278' title='bbox 947 3558 1025 3655; x_wconf 92' lang='lat' dir='ltr'>ipsa</span> <span class='ocrx_word' id='word_1_279' title='bbox 1047 3557 1228 3628; x_wconf 88' lang='lat' dir='ltr'>creatione</span> <span class='ocrx_word' id='word_1_280' title='bbox 1245 3558 1301 3627; x_wconf 90' lang='lat' dir='ltr'>sui</span> <span class='ocrx_word' id='word_1_281' title='bbox 1321 3555 1546 3652; x_wconf 84' lang='lat' dir='ltr'>colligentur,</span> <span class='ocrx_word' id='word_1_282' title='bbox 1572 3569 1672 3627; x_wconf 89' lang='lat' dir='ltr'>uteo</span> <span class='ocrx_word' id='word_1_283' title='bbox 1691 3558 1844 3656; x_wconf 88' lang='lat' dir='ltr'>amplius</span> 
     </span>
     <span class='ocr_line' id='line_1_27' title="bbox 248 3669 1844 3780; baseline 0.006 -38"><span class='ocrx_word' id='word_1_284' title='bbox 248 3669 478 3743; x_wconf 84' lang='lat' dir='ltr'>concorditer</span> <span class='ocrx_word' id='word_1_285' title='bbox 493 3686 602 3768; x_wconf 87' lang='lat' dir='ltr'>atque</span> <span class='ocrx_word' id='word_1_286' title='bbox 616 3675 742 3747; x_wconf 83' lang='lat' dir='ltr'>melius</span> <span class='ocrx_word' id='word_1_287' title='bbox 757 3691 939 3772; x_wconf 81' lang='lat' dir='ltr'>regantur,</span> <span class='ocrx_word' id='word_1_288' title='bbox 958 3691 1095 3773; x_wconf 88' lang='lat' dir='ltr'>quanto</span> <span class='ocrx_word' id='word_1_289' title='bbox 1112 3674 1330 3747; x_wconf 88' lang='lat' dir='ltr'>concordius</span> <span class='ocrx_word' id='word_1_290' title='bbox 1342 3676 1378 3745; x_wconf 92' lang='lat' dir='ltr'>in</span> <span class='ocrx_word' id='word_1_291' title='bbox 1393 3675 1470 3773; x_wconf 90' lang='lat' dir='ltr'>ipsa</span> <span class='ocrx_word' id='word_1_292' title='bbox 1492 3698 1621 3746; x_wconf 90' lang='lat' dir='ltr'>eorum</span> <span class='ocrx_word' id='word_1_293' title='bbox 1636 3676 1844 3780; x_wconf 80' lang='lat' dir='ltr'>conditione</span> 
     </span>
     <span class='ocr_line' id='line_1_28' title="bbox 248 3791 1844 3893; baseline 0.006 -33"><span class='ocrx_word' id='word_1_294' title='bbox 248 3803 383 3862; x_wconf 85' lang='lat' dir='ltr'>naturae</span> <span class='ocrx_word' id='word_1_295' title='bbox 399 3791 561 3889; x_wconf 91' lang='lat' dir='ltr'>ipsorum</span> <span class='ocrx_word' id='word_1_296' title='bbox 577 3809 660 3866; x_wconf 89' lang='lat' dir='ltr'>sunt</span> <span class='ocrx_word' id='word_1_297' title='bbox 674 3796 828 3868; x_wconf 88' lang='lat' dir='ltr'>invicem</span> <span class='ocrx_word' id='word_1_298' title='bbox 845 3795 1041 3893; x_wconf 75' lang='lat' dir='ltr'>colligata?</span> <span class='ocrx_word' id='word_1_299' title='bbox 1061 3794 1112 3866; x_wconf 81' lang='lat' dir='ltr'>Ad</span> <span class='ocrx_word' id='word_1_300' title='bbox 1128 3817 1236 3891; x_wconf 89' lang='lat' dir='ltr'>quam</span> <span class='ocrx_word' id='word_1_301' title='bbox 1252 3795 1360 3866; x_wconf 88' lang='lat' dir='ltr'>etiam</span> <span class='ocrx_word' id='word_1_302' title='bbox 1378 3793 1596 3866; x_wconf 86' lang='lat' dir='ltr'>conditionis</span> <span class='ocrx_word' id='word_1_303' title='bbox 1611 3797 1844 3870; x_wconf 90' lang='lat' dir='ltr'>concordiam</span> 
     </span>
     <span class='ocr_line' id='line_1_29' title="bbox 247 3908 1845 4014; baseline 0.006 -36"><span class='ocrx_word' id='word_1_304' title='bbox 247 3908 338 3980; x_wconf 91' lang='lat' dir='ltr'>sicut</span> <span class='ocrx_word' id='word_1_305' title='bbox 363 3921 398 3980; x_wconf 90' lang='lat' dir='ltr'>et</span> <span class='ocrx_word' id='word_1_306' title='bbox 427 3912 628 4006; x_wconf 82' lang='lat' dir='ltr'>regiminis,</span> <span class='ocrx_word' id='word_1_307' title='bbox 655 3916 772 3987; x_wconf 91' lang='lat' dir='ltr'>unitas</span> <span class='ocrx_word' id='word_1_308' title='bbox 794 3918 869 4014; x_wconf 89' lang='lat' dir='ltr'>ipsa</span> <span class='ocrx_word' id='word_1_309' title='bbox 894 3930 1002 4013; x_wconf 88' lang='lat' dir='ltr'>atquc</span> <span class='ocrx_word' id='word_1_310' title='bbox 1022 3913 1190 3986; x_wconf 85' lang='lat' dir='ltr'>identitas</span> <span class='ocrx_word' id='word_1_311' title='bbox 1214 3914 1368 3985; x_wconf 84' lang='lat' dir='ltr'>maxima</span> <span class='ocrx_word' id='word_1_312' title='bbox 1395 3912 1594 3985; x_wconf 87' lang='lat' dir='ltr'>conditoris</span> <span class='ocrx_word' id='word_1_313' title='bbox 1621 3914 1776 4009; x_wconf 84' lang='lat' dir='ltr'>perlicit,</span> <span class='ocrx_word' id='word_1_314' title='bbox 1804 3931 1845 3988; x_wconf 89' lang='lat' dir='ltr'>ut</span> 
     </span>
     <span class='ocr_line' id='line_1_30' title="bbox 247 4025 1842 4135; baseline 0.006 -37"><span class='ocrx_word' id='word_1_315' title='bbox 247 4025 333 4099; x_wconf 87' lang='lat' dir='ltr'>hinc</span> <span class='ocrx_word' id='word_1_316' title='bbox 354 4053 499 4126; x_wconf 91' lang='lat' dir='ltr'>quoque</span> <span class='ocrx_word' id='word_1_317' title='bbox 523 4056 636 4104; x_wconf 88' lang='lat' dir='ltr'>uuum</span> <span class='ocrx_word' id='word_1_318' title='bbox 655 4034 896 4133; x_wconf 86' lang='lat' dir='ltr'>eumdemque</span> <span class='ocrx_word' id='word_1_319' title='bbox 915 4036 1056 4135; x_wconf 87' lang='lat' dir='ltr'>penitus</span> <span class='ocrx_word' id='word_1_320' title='bbox 1078 4033 1305 4107; x_wconf 89' lang='lat' dir='ltr'>conditorem</span> <span class='ocrx_word' id='word_1_321' title='bbox 1324 4034 1416 4105; x_wconf 90' lang='lat' dir='ltr'>sicut</span> <span class='ocrx_word' id='word_1_322' title='bbox 1431 4047 1468 4104; x_wconf 87' lang='lat' dir='ltr'>et</span> <span class='ocrx_word' id='word_1_323' title='bbox 1486 4048 1662 4102; x_wconf 83' lang='lat' dir='ltr'>rectorem</span> <span class='ocrx_word' id='word_1_324' title='bbox 1679 4035 1842 4108; x_wconf 85' lang='lat' dir='ltr'>omnium</span> 
     </span>
     <span class='ocr_line' id='line_1_31' title="bbox 247 4148 1843 4248; baseline 0.006 -31"><span class='ocrx_word' id='word_1_325' title='bbox 247 4169 323 4218; x_wconf 85' lang='lat' dir='ltr'>esse</span> <span class='ocrx_word' id='word_1_326' title='bbox 340 4162 493 4242; x_wconf 90' lang='lat' dir='ltr'>constet,</span> <span class='ocrx_word' id='word_1_327' title='bbox 510 4175 617 4248; x_wconf 91' lang='lat' dir='ltr'>quem</span> <span class='ocrx_word' id='word_1_328' title='bbox 630 4177 697 4226; x_wconf 88' lang='lat' dir='ltr'>nos</span> <span class='ocrx_word' id='word_1_329' title='bbox 711 4158 826 4228; x_wconf 87' lang='lat' dir='ltr'>Deum</span> <span class='ocrx_word' id='word_1_330' title='bbox 842 4155 1009 4243; x_wconf 88' lang='lat' dir='ltr'>dicimus,</span> <span class='ocrx_word' id='word_1_331' title='bbox 1028 4178 1070 4227; x_wconf 87' lang='lat' dir='ltr'>ao</span> <span class='ocrx_word' id='word_1_332' title='bbox 1084 4177 1264 4225; x_wconf 89' lang='lat' dir='ltr'>summum</span> <span class='ocrx_word' id='word_1_333' title='bbox 1275 4153 1356 4248; x_wconf 88' lang='lat' dir='ltr'>jure</span> <span class='ocrx_word' id='word_1_334' title='bbox 1372 4148 1585 4248; x_wconf 82' lang='lat' dir='ltr'>profitemur</span> <span class='ocrx_word' id='word_1_335' title='bbox 1600 4149 1752 4224; x_wconf 89' lang='lat' dir='ltr'>bonum.</span> <span class='ocrx_word' id='word_1_336' title='bbox 1772 4158 1843 4243; x_wconf 85' lang='lat' dir='ltr'>Qui</span> 
     </span>
     <span class='ocr_line' id='line_1_32' title="bbox 247 4266 1845 4367; baseline 0.006 -31"><span class='ocrx_word' id='word_1_337' title='bbox 247 4266 434 4361; x_wconf 89' lang='lat' dir='ltr'>quomodo</span> <span class='ocrx_word' id='word_1_338' title='bbox 453 4292 634 4342; x_wconf 89' lang='lat' dir='ltr'>summum</span> <span class='ocrx_word' id='word_1_339' title='bbox 655 4272 835 4347; x_wconf 89' lang='lat' dir='ltr'>diceretur</span> <span class='ocrx_word' id='word_1_340' title='bbox 859 4280 1018 4364; x_wconf 90' lang='lat' dir='ltr'>Bonum,</span> <span class='ocrx_word' id='word_1_341' title='bbox 1042 4272 1112 4344; x_wconf 90' lang='lat' dir='ltr'>nisi</span> <span class='ocrx_word' id='word_1_342' title='bbox 1134 4272 1263 4344; x_wconf 87' lang='lat' dir='ltr'>ceteris</span> <span class='ocrx_word' id='word_1_343' title='bbox 1286 4268 1457 4342; x_wconf 89' lang='lat' dir='ltr'>omnibus</span> <span class='ocrx_word' id='word_1_344' title='bbox 1473 4270 1689 4367; x_wconf 66' lang='lat' dir='ltr'>precelleret</span> <span class='ocrx_word' id='word_1_345' title='bbox 1710 4272 1845 4346; x_wconf 78' lang='lat' dir='ltr'>bouis?</span> 
     </span>
     <span class='ocr_line' id='line_1_33' title="bbox 245 4384 1842 4492; baseline 0.008 -37"><span class='ocrx_word' id='word_1_346' title='bbox 245 4384 346 4481; x_wconf 92' lang='lat' dir='ltr'>quod</span> <span class='ocrx_word' id='word_1_347' title='bbox 362 4409 448 4458; x_wconf 82' lang='lat' dir='ltr'>vero</span> <span class='ocrx_word' id='word_1_348' title='bbox 473 4387 643 4462; x_wconf 91' lang='lat' dir='ltr'>omnibus</span> <span class='ocrx_word' id='word_1_349' title='bbox 659 4391 736 4464; x_wconf 87' lang='lat' dir='ltr'>aliis</span> <span class='ocrx_word' id='word_1_350' title='bbox 759 4394 947 4492; x_wconf 77' lang='lat' dir='ltr'>praecellit,</span> <span class='ocrx_word' id='word_1_351' title='bbox 966 4418 1080 4466; x_wconf 90' lang='lat' dir='ltr'>unum</span> <span class='ocrx_word' id='word_1_352' title='bbox 1104 4391 1268 4491; x_wconf 82' lang='lat' dir='ltr'>prolecto</span> <span class='ocrx_word' id='word_1_353' title='bbox 1285 4405 1321 4462; x_wconf 93' lang='lat' dir='ltr'>et</span> <span class='ocrx_word' id='word_1_354' title='bbox 1340 4390 1486 4461; x_wconf 89' lang='lat' dir='ltr'>unicum</span> <span class='ocrx_word' id='word_1_355' title='bbox 1503 4413 1580 4461; x_wconf 79' lang='lat' dir='ltr'>esse</span> <span class='ocrx_word' id='word_1_356' title='bbox 1600 4394 1787 4487; x_wconf 70' lang='lat' dir='ltr'>conuenit,</span> <span class='ocrx_word' id='word_1_357' title='bbox 1806 4411 1842 4467; x_wconf 88' lang='lat' dir='ltr'>et</span> 
     </span>
     <span class='ocr_line' id='line_1_34' title="bbox 246 4500 1841 4609; baseline 0.009 -37"><span class='ocrx_word' id='word_1_358' title='bbox 246 4500 346 4597; x_wconf 89' lang='lat' dir='ltr'>quod</span> <span class='ocrx_word' id='word_1_359' title='bbox 370 4505 408 4573; x_wconf 90' lang='lat' dir='ltr'>in</span> <span class='ocrx_word' id='word_1_360' title='bbox 432 4529 470 4576; x_wconf 90' lang='lat' dir='ltr'>se</span> <span class='ocrx_word' id='word_1_361' title='bbox 489 4507 684 4603; x_wconf 83' lang='lat' dir='ltr'>perlectum</span> <span class='ocrx_word' id='word_1_362' title='bbox 707 4536 784 4584; x_wconf 89' lang='lat' dir='ltr'>esse</span> <span class='ocrx_word' id='word_1_363' title='bbox 800 4512 1024 4602; x_wconf 89' lang='lat' dir='ltr'>conceditur,</span> <span class='ocrx_word' id='word_1_364' title='bbox 1048 4526 1158 4609; x_wconf 84' lang='lat' dir='ltr'>atque</span> <span class='ocrx_word' id='word_1_365' title='bbox 1173 4511 1220 4583; x_wconf 91' lang='lat' dir='ltr'>ad</span> <span class='ocrx_word' id='word_1_366' title='bbox 1236 4509 1359 4582; x_wconf 91' lang='lat' dir='ltr'>omnia</span> <span class='ocrx_word' id='word_1_367' title='bbox 1383 4533 1463 4605; x_wconf 63' lang='lat' dir='ltr'>quar¹</span> <span class='ocrx_word' id='word_1_368' title='bbox 1485 4507 1649 4582; x_wconf 84' lang='lat' dir='ltr'>facienda</span> <span class='ocrx_word' id='word_1_369' title='bbox 1673 4527 1774 4603; x_wconf 87' lang='lat' dir='ltr'>sunt,</span> <span class='ocrx_word' id='word_1_370' title='bbox 1798 4539 1841 4586; x_wconf 85' lang='lat' dir='ltr'>er</span> 
     </span>
     <span class='ocr_line' id='line_1_35' title="bbox 245 4620 1841 4729; baseline 0.008 -38"><span class='ocrx_word' id='word_1_371' title='bbox 245 4620 391 4718; x_wconf 86' lang='lat' dir='ltr'>propria</span> <span class='ocrx_word' id='word_1_372' title='bbox 407 4620 666 4726; x_wconf 82' lang='lat' dir='ltr'>voluntateper</span> <span class='ocrx_word' id='word_1_373' title='bbox 682 4653 719 4701; x_wconf 90' lang='lat' dir='ltr'>se</span> <span class='ocrx_word' id='word_1_374' title='bbox 736 4630 928 4723; x_wconf 86' lang='lat' dir='ltr'>sufficiens,</span> <span class='ocrx_word' id='word_1_375' title='bbox 948 4657 990 4703; x_wconf 85' lang='lat' dir='ltr'>ex</span> <span class='ocrx_word' id='word_1_376' title='bbox 999 4656 1075 4729; x_wconf 89' lang='lat' dir='ltr'>quo</span> <span class='ocrx_word' id='word_1_377' title='bbox 1084 4646 1120 4703; x_wconf 92' lang='lat' dir='ltr'>et</span> <span class='ocrx_word' id='word_1_378' title='bbox 1134 4631 1364 4727; x_wconf 89' lang='lat' dir='ltr'>omnipotens</span> <span class='ocrx_word' id='word_1_379' title='bbox 1377 4627 1520 4720; x_wconf 88' lang='lat' dir='ltr'>dicitur,</span> <span class='ocrx_word' id='word_1_380' title='bbox 1533 4653 1684 4728; x_wconf 88' lang='lat' dir='ltr'>compar</span> <span class='ocrx_word' id='word_1_381' title='bbox 1694 4632 1841 4727; x_wconf 88' lang='lat' dir='ltr'>aliquod</span> 
     </span>
     <span class='ocr_line' id='line_1_36' title="bbox 244 4736 1838 4847; baseline 0.009 -38"><span class='ocrx_word' id='word_1_382' title='bbox 244 4736 385 4811; x_wconf 90' lang='lat' dir='ltr'>bonum</span> <span class='ocrx_word' id='word_1_383' title='bbox 393 4739 528 4816; x_wconf 86' lang='lat' dir='ltr'>hahere</span> <span class='ocrx_word' id='word_1_384' title='bbox 537 4768 612 4817; x_wconf 92' lang='lat' dir='ltr'>non</span> <span class='ocrx_word' id='word_1_385' title='bbox 630 4763 761 4844; x_wconf 85' lang='lat' dir='ltr'>potest.</span> <span class='ocrx_word' id='word_1_386' title='bbox 775 4754 897 4847; x_wconf 88' lang='lat' dir='ltr'>Neque</span> <span class='ocrx_word' id='word_1_387' title='bbox 915 4751 1012 4822; x_wconf 88' lang='lat' dir='ltr'>enim</span> <span class='ocrx_word' id='word_1_388' title='bbox 1026 4749 1167 4823; x_wconf 88' lang='lat' dir='ltr'>bonum</span> <span class='ocrx_word' id='word_1_389' title='bbox 1182 4773 1260 4822; x_wconf 84' lang='lat' dir='ltr'>csse</span> <span class='ocrx_word' id='word_1_390' title='bbox 1274 4748 1418 4847; x_wconf 89' lang='lat' dir='ltr'>poterit,</span> <span class='ocrx_word' id='word_1_391' title='bbox 1435 4747 1537 4845; x_wconf 90' lang='lat' dir='ltr'>quod</span> <span class='ocrx_word' id='word_1_392' title='bbox 1550 4748 1773 4845; x_wconf 73' lang='lat' dir='ltr'>superfluum</span> <span class='ocrx_word' id='word_1_393' title='bbox 1780 4753 1838 4824; x_wconf 90' lang='lat' dir='ltr'>sit.</span> 
     </span>
     <span class='ocr_line' id='line_1_37' title="bbox 245 4858 1843 4964; baseline 0.011 -38"><span class='ocrx_word' id='word_1_394' title='bbox 245 4858 583 4954; x_wconf 80' lang='lat' dir='ltr'>Supertluusautem</span> <span class='ocrx_word' id='word_1_395' title='bbox 596 4864 749 4939; x_wconf 88' lang='lat' dir='ltr'>aliusvel</span> <span class='ocrx_word' id='word_1_396' title='bbox 765 4884 905 4940; x_wconf 88' lang='lat' dir='ltr'>creator</span> <span class='ocrx_word' id='word_1_397' title='bbox 914 4883 1005 4941; x_wconf 88' lang='lat' dir='ltr'>esset</span> <span class='ocrx_word' id='word_1_398' title='bbox 1018 4868 1075 4940; x_wconf 85' lang='lat' dir='ltr'>vel</span> <span class='ocrx_word' id='word_1_399' title='bbox 1084 4884 1215 4956; x_wconf 91' lang='lat' dir='ltr'>rector,</span> <span class='ocrx_word' id='word_1_400' title='bbox 1237 4868 1267 4939; x_wconf 90' lang='lat' dir='ltr'>si</span> <span class='ocrx_word' id='word_1_401' title='bbox 1281 4891 1373 4940; x_wconf 89' lang='lat' dir='ltr'>unus</span> <span class='ocrx_word' id='word_1_402' title='bbox 1383 4865 1431 4938; x_wconf 88' lang='lat' dir='ltr'>ad</span> <span class='ocrx_word' id='word_1_403' title='bbox 1445 4865 1566 4938; x_wconf 87' lang='lat' dir='ltr'>omnia</span> <span class='ocrx_word' id='word_1_404' title='bbox 1581 4890 1682 4964; x_wconf 82' lang='lat' dir='ltr'>aeque</span> <span class='ocrx_word' id='word_1_405' title='bbox 1690 4863 1843 4943; x_wconf 84' lang='lat' dir='ltr'>sufficiat</span> 
     </span>
     <span class='ocr_line' id='line_1_38' title="bbox 246 4981 1840 5091; baseline 0.011 -40"><span class='ocrx_word' id='word_1_406' title='bbox 246 4994 287 5052; x_wconf 90' lang='lat' dir='ltr'>ut</span> <span class='ocrx_word' id='word_1_407' title='bbox 296 4981 430 5079; x_wconf 81' lang='lat' dir='ltr'>plures.</span> <span class='ocrx_word' id='word_1_408' title='bbox 441 4983 579 5060; x_wconf 87' lang='lat' dir='ltr'>Sufficit</span> <span class='ocrx_word' id='word_1_409' title='bbox 587 5002 707 5062; x_wconf 89' lang='lat' dir='ltr'>autem</span> <span class='ocrx_word' id='word_1_410' title='bbox 717 5014 801 5062; x_wconf 90' lang='lat' dir='ltr'>cum</span> <span class='ocrx_word' id='word_1_411' title='bbox 814 4993 858 5064; x_wconf 90' lang='lat' dir='ltr'>sit</span> <span class='ocrx_word' id='word_1_412' title='bbox 871 5018 1053 5064; x_wconf 88' lang='lat' dir='ltr'>summum</span> <span class='ocrx_word' id='word_1_413' title='bbox 1066 5016 1109 5066; x_wconf 90' lang='lat' dir='ltr'>ac</span> <span class='ocrx_word' id='word_1_414' title='bbox 1122 4990 1451 5091; x_wconf 85' lang='lat' dir='ltr'>perfectum,atquc</span> <span class='ocrx_word' id='word_1_415' title='bbox 1463 4988 1509 5060; x_wconf 86' lang='lat' dir='ltr'>ad</span> <span class='ocrx_word' id='word_1_416' title='bbox 1518 4990 1641 5061; x_wconf 90' lang='lat' dir='ltr'>omnia</span> <span class='ocrx_word' id='word_1_417' title='bbox 1649 4989 1840 5089; x_wconf 85' lang='lat' dir='ltr'>sufficiens,</span> 
     </span>
     <span class='ocr_line' id='line_1_39' title="bbox 248 5098 1840 5209; baseline 0.01 -38"><span class='ocrx_word' id='word_1_418' title='bbox 248 5113 288 5174; x_wconf 89' lang='lat' dir='ltr'>ut</span> <span class='ocrx_word' id='word_1_419' title='bbox 304 5098 441 5174; x_wconf 87' lang='lat' dir='ltr'>dictum</span> <span class='ocrx_word' id='word_1_420' title='bbox 456 5119 522 5198; x_wconf 91' lang='lat' dir='ltr'>est,</span> <span class='ocrx_word' id='word_1_421' title='bbox 541 5105 693 5180; x_wconf 88' lang='lat' dir='ltr'>bouum.</span> <span class='ocrx_word' id='word_1_422' title='bbox 716 5108 821 5182; x_wconf 90' lang='lat' dir='ltr'>Nullo</span> <span class='ocrx_word' id='word_1_423' title='bbox 837 5112 957 5209; x_wconf 90' lang='lat' dir='ltr'>itaque</span> <span class='ocrx_word' id='word_1_424' title='bbox 975 5110 1087 5184; x_wconf 91' lang='lat' dir='ltr'>modo</span> <span class='ocrx_word' id='word_1_425' title='bbox 1103 5110 1224 5209; x_wconf 87' lang='lat' dir='ltr'>plures</span> <span class='ocrx_word' id='word_1_426' title='bbox 1241 5114 1337 5182; x_wconf 86' lang='lat' dir='ltr'>Deos</span> <span class='ocrx_word' id='word_1_427' title='bbox 1354 5131 1430 5181; x_wconf 86' lang='lat' dir='ltr'>esse</span> <span class='ocrx_word' id='word_1_428' title='bbox 1455 5108 1528 5180; x_wconf 85' lang='lat' dir='ltr'>sive</span> <span class='ocrx_word' id='word_1_429' title='bbox 1546 5107 1840 5187; x_wconf 39' lang='lat' dir='ltr'>credi&#39;conversit.</span> 
     </span>
    </p>
   </div>
   <div class='ocr_carea' id='block_1_4' title="bbox 0 0 2284 6100">
    <p class='ocr_par' dir='ltr' id='par_1_4' title="bbox 0 0 2284 6100">
     <span class='ocr_line' id='line_1_40' title="bbox 0 0 2284 6100; baseline 0 3"><span class='ocrx_word' id='word_1_430' title='bbox 0 0 2284 6100; x_wconf 95' lang='lat' dir='ltr'> </span> 
     </span>
    </p>
   </div>
  </div>
 </body>
</html>
