4559 6100
598 547 642 619 ΙΝ
666 546 909 620 EPlSTOLAM
935 548 992 619 stt
1017 548 1229 623 nonullos
1253 551 1334 622 LlB.
1362 552 1452 623 SEC.
1751 550 1823 625 203

240 714 280 763 os
301 687 520 783 obstruatur,
536 707 571 764 et
587 692 763 785 subditus,
780 708 865 787 eto,
885 724 902 761 s
923 695 1019 767 istud
1034 696 1240 793 subjungit:
1260 702 1358 770 «Per
1372 697 1487 793 legem
1503 699 1645 770 enim.»
1667 697 1719 772 sd
1735 697 1823 771 illud

239 831 325 881 vero
343 808 463 880 aliud:
479 810 603 897 «Quia
619 834 661 883 ex
678 811 859 910 operibus,
871 827 956 907 eto,
969 841 987 883 u
1001 813 1096 886 istud
1113 815 1311 914 supponit:
1329 845 1347 881 r
1364 820 1467 888 Nunc
1483 830 1604 889 autem
1621 815 1708 903 sive,
1723 830 1791 889 etc.
1802 845 1820 885 n

238 928 295 1000 Sic
318 928 519 1001 continuat.
539 933 658 1017 Quare
681 955 745 1029 per
769 933 883 1029 legem
908 934 1088 1033 compesci
1111 957 1132 1006 a
1154 956 1219 1006 sus
1236 932 1445 1029 gloriatione
1464 932 1631 1006 homines
1645 932 1821 1023 debeant,

238 1047 323 1145 quia
348 1071 413 1145 per
437 1070 518 1120 eam
542 1050 799 1124 inexcusabiles
821 1054 1013 1151 apeecatis
1039 1054 1112 1125 suis
1134 1054 1291 1127 maxime
1311 1052 1523 1146 redduntur,
1554 1077 1634 1150 qnae
1651 1076 1717 1150 per
1744 1071 1823 1124 eam

239 1180 485 1263 cognoverunt
507 1168 758 1266 potiusquam
779 1172 984 1264 amiserunt,
1005 1173 1117 1246 immo
1136 1173 1244 1245 etiam
1262 1187 1450 1265 auxerunt,
1473 1187 1509 1245 et
1530 1173 1568 1243 in
1592 1170 1824 1268 sequentibus

237 1284 397 1357 dicturus
425 1289 498 1357 est¹
524 1313 532 1356 :
554 1315 572 1353 u
595 1292 641 1358 Ut
663 1285 724 1361 liat
747 1313 856 1388 supra
878 1290 1029 1363 modum
1051 1315 1205 1389 peoeans
1228 1306 1463 1391 peecatum.»
1483 1320 1501 1357 α
1521 1294 1624 1362 Nune
1651 1303 1785 1361 autem.
1803 1316 1821 1356 n

238 1403 316 1474 Dixi
338 1428 381 1476 ex
404 1404 575 1502 operibus
595 1408 751 1505 propriis
772 1409 858 1506 legis
877 1410 1030 1507 scriptae,
1049 1408 1087 1481 id
1101 1424 1155 1482 est
1171 1410 1367 1506 figurativis
1382 1409 1451 1482 illis
1467 1407 1651 1507 preceptis
1674 1432 1753 1505 quae
1768 1407 1825 1480 les

239 1521 409 1595 naturalis
427 1523 580 1620 ignorat,
597 1525 780 1599 neminem
792 1526 976 1624 justificari
994 1527 1091 1626 apud
1108 1533 1243 1622 Deum;
1261 1528 1324 1601 sed
1340 1551 1450 1619 nune,
1466 1526 1504 1600 id
1519 1541 1585 1618 est,
1603 1526 1640 1597 in
1661 1540 1823 1625 tempore

237 1633 372 1725 gratiae,
390 1633 526 1727 justitia
541 1636 625 1723 Dei,
644 1634 683 1707 id
698 1651 751 1708 est
774 1662 883 1734 quam
900 1642 997 1710 Deus
1014 1637 1194 1736 approbat
1211 1652 1247 1711 et
1260 1662 1325 1736 per
1340 1662 1449 1736 quam
1468 1636 1565 1734 apud
1584 1640 1701 1708 Deum
1719 1636 1825 1732 justi·

238 1748 399 1840 ficemur,
418 1751 456 1824 id
473 1766 526 1825 est
541 1754 681 1843 caritas,
698 1769 750 1828 est
765 1756 963 1844 manifesta,
984 1781 1048 1856 per
1063 1757 1313 1854 Evangelieam
1326 1756 1460 1829 scilicet
1473 1754 1690 1847 doctrinam,
1712 1782 1730 1822 u
1746 1755 1823 1826 sine

237 1867 325 1966 lege,
337 1898 356 1938 u
375 1870 412 1943 id
430 1885 483 1943 est
498 1871 700 1945 carnalibus
716 1873 784 1947 illis
798 1888 834 1948 et
850 1876 1003 1974 propriis
1020 1874 1256 1948 observantiis
1271 1876 1372 1973 legis,
1391 1874 1452 1949 illa
1468 1890 1603 1967 tamen,
1622 1873 1719 1961 dico,
1740 1905 1757 1941 α
1765 1875 1824 1970 ju·

238 1988 329 2061 stitia
341 1987 527 2062 testificata
542 1989 652 2087 alege
663 2006 700 2064 et
711 1992 911 2090 prophetis,
926 2021 944 2062 u
959 1994 1022 2091 qui
1038 2017 1119 2067 eam
1131 2018 1279 2092 qnoque
1292 1995 1515 2094 precipiunt.
1527 1990 1631 2066 Unde
1645 2016 1732 2064 vero
1748 1990 1823 2063 haec

231 2107 366 2202 justitia
383 2107 551 2205 pendeat,
574 2110 693 2181 statim
718 2112 876 2184 annectit
900 2111 1049 2188 dicens:
1072 2141 1090 2182 u
1105 2114 1244 2186 iustitia
1265 2127 1385 2185 autem
1410 2112 1488 2183 Dei.
1501 2139 1519 2179 u
1547 2110 1669 2182 Fidem
1695 2108 1824 2181 Christi

235 2225 325 2298 dicit
339 2249 448 2323 quarn
465 2225 513 2300 de
528 2228 607 2326 ipso
623 2226 819 2321 habemus3
838 2254 935 2323 eum,
954 2233 1029 2304 sive
1052 2232 1086 2303 ei
1100 2232 1161 2322 vel
1178 2232 1214 2301 in
1238 2254 1321 2303 eum
1341 2227 1538 2302 credendo.
1564 2226 1667 2300 Unde
1683 2242 1720 2300 et
1738 2251 1821 2300 cum

233 2341 386 2438 adjecit,
410 2345 504 2441 eqni
530 2346 703 2437 credunt,
721 2378 739 2414 n
761 2372 835 2419 non
859 2348 999 2422 addidit
1021 2349 1154 2421 horum
1181 2349 1350 2445 aliquem,
1375 2361 1416 2418 ut
1435 2369 1537 2443 aeque
1561 2345 1608 2417 ad
1635 2345 1758 2417 omnia
1784 2370 1822 2417 se

237 2460 400 2535 haberat.
419 2467 470 2535 Ex
481 2462 566 2554 fide,
582 2465 751 2562 quamde
765 2466 907 2540 Christo
922 2466 1111 2561 habemus,
1128 2467 1256 2540 caritas
1269 2467 1307 2537 in
1320 2464 1428 2537 nohis
1443 2478 1497 2536 est
1511 2477 1720 2562 propagata,
1736 2464 1822 2559 quia

234 2606 300 2681 per
316 2582 388 2655 hoo
403 2583 503 2681 quod
518 2597 681 2658 tenemus
699 2590 816 2659 Deum
833 2588 871 2658 in
889 2585 1031 2659 Christo
1048 2601 1209 2658 nostram
1225 2599 1390 2658 naturam
1407 2581 1476 2655 sibi
1494 2582 1627 2672 unisse,
1644 2597 1680 2654 et
1692 2583 1729 2654 in
1745 2583 1821 2682 ipsa

234 2702 417 2799 potiendo,
434 2729 613 2776 summam
627 2704 724 2779 illam
737 2687 921 2778 oantatem
933 2705 1039 2779 nohis
1053 2704 1270 2791 exhibuisse,
1285 2702 1332 2776 de
1343 2726 1416 2800 qua
1431 2702 1508 2800 ipse
1519 2701 1585 2773 ait'
1597 2728 1605 2771 :
1619 2731 1637 2767 a
1649 2701 1821 2798 Majorem

234 2820 300 2894 hac
314 2820 544 2896 dilectionem
558 2848 666 2897 nemo
681 2823 803 2916 babet,
815 2840 900 2915 eto,
919 2855 937 2894 n
953 2840 1027 2898 tam
1040 2826 1107 2924 ipsi
1120 2847 1229 2922 quarn
1245 2822 1410 2922 proximo
1425 2831 1572 2919 propter
1589 2819 1708 2918 ipsum
1722 2819 1821 2892 inso-

233 2938 334 3013 lubili
355 2944 490 3015 amoris
513 2968 607 3016 nexu
633 2944 867 3017 cohaeremus.
889 2942 993 3017 Unde
1016 2959 1052 3017 et
1075 2945 1113 3016 in
1139 2940 1371 3040 'sequentihus
1395 2939 1567 3037 scriptum
1590 2953 1644 3010 est
1670 2968 1679 3010 ε
1701 2966 1719 3006 n
1733 2939 1822 3027 Quis

234 3085 316 3159 ergo
332 3086 399 3135 nos
414 3064 593 3163 separabit
606 3089 626 3136 a
638 3066 784 3138 caritate
796 3066 887 3138 Dei?
903 3063 1100 3151 tribulatio,
1115 3077 1185 3136 etc.
1197 3090 1215 3129 u
1230 3064 1273 3133 Et
1286 3082 1447 3132 rursum:
1462 3061 1617 3130 «Certus
1631 3059 1821 3132 sumenim

234 3179 317 3276 quia
332 3206 450 3280 neque
466 3206 578 3277 mors,
595 3198 693 3256 ete.»
709 3185 863 3277 lustitia,
881 3182 977 3271 dieo,
991 3182 1113 3255 habita
1129 3204 1238 3281 supra
1250 3202 1377 3251 omnes
1391 3175 1528 3267 fideles,
1541 3174 1579 3247 id
1595 3191 1649 3249 est
1663 3177 1700 3248 in
1717 3200 1822 3273 supe·

232 3299 317 3372 riori
333 3324 459 3374 eorum
475 3315 594 3399 parte,
615 3302 653 3374 id
670 3315 724 3375 est
738 3303 774 3375 in
792 3303 927 3396 anima,
948 3301 1010 3375 ubi
1027 3315 1167 3375 tantum
1184 3297 1327 3371 dilectio
1344 3319 1420 3370 esse
1435 3309 1570 3394 potest,
1589 3317 1664 3366 non
1682 3292 1820 3365 exhibi-

233 3419 331 3491 tione
344 3444 496 3519 operum
510 3422 742 3494 exteriorum.
1638 3488 1642 3499 ,

286 3541 392 3611 «Non
409 3554 464 3612 est
479 3540 589 3613 enim.
606 3571 623 3607 s
643 3547 738 3614 Bene
751 3540 825 3613 dixi
841 3564 949 3639 super
962 3563 1089 3612 omnes
1105 3537 1251 3637 pariter,
1274 3550 1347 3608 tam
1364 3531 1523 3607 Gentiles
1538 3530 1685 3621 scilieet,
1708 3552 1818 3626 quam

230 3655 385 3750 Judaeos,
403 3659 487 3757 qnia
504 3658 602 3733 nulla
617 3676 670 3734 est
685 3685 814 3735 eorum
828 3659 1029 3733 differentia
1055 3682 1099 3730 ex
1113 3657 1184 3730 hac
1203 3655 1339 3753 justitia
1359 3653 1425 3726 Dei
1452 3677 1518 3751 per
1539 3649 1648 3723 fidem
1673 3647 1816 3735 Christi,

231 3776 322 3849 dont
336 3776 424 3850 olim
434 3793 511 3851 erat
524 3803 568 3852 ex
581 3779 752 3879 operibus
764 3781 864 3876 legis.
881 3779 974 3867 Quia
989 3778 1081 3850 sicut
1097 3800 1224 3849 omnes
1239 3785 1491 3874 peecaverunt,
1510 3771 1559 3845 ita
1574 3767 1819 3841 indifferenter

230 3892 414 3990 justificati
426 3911 510 3970 sunt
524 3923 589 3996 per
612 3899 707 3972 hanc
729 3921 907 3972 summam
934 3899 1084 3994 gratiam
1104 3918 1126 3967 a
1151 3899 1229 3966 Deo
1256 3892 1364 3965 nohis
1389 3890 1597 3964 exhibitam.
1622 3890 1664 3958 Et
1678 3885 1750 3959 hoo
1765 3901 1819 3959 est

230 4013 331 4109 quod
344 4015 395 4088 ait
411 4043 419 4087 t
437 4045 456 4082 α
470 4020 605 4090 Omnes
622 4018 718 4090 enim
736 4030 974 4117 peccaverunt
998 4030 1035 4088 et
1059 4027 1166 4112 egent
1185 4012 1297 4109 gratia
1314 4011 1394 4103 Dei,
1408 4037 1425 4077 s
1441 4009 1479 4082 id
1491 4024 1544 4082 est
1559 4030 1652 4105 opus
1667 4003 1816 4094 habent,

228 4133 333 4228 qnasi
345 4157 390 4205 ex
403 4133 540 4229 debito,
559 4138 756 4210 Dominum
773 4134 983 4234 glorificare.
1005 4131 1219 4205 «iustificati
1233 4131 1352 4228 gratis,
1373 4158 1391 4196 s
1414 4127 1452 4201 id
1465 4141 1530 4218 est,
1549 4126 1632 4224 quia
1636 4122 1819 4220 justificati

225 4265 328 4344 sunt,
344 4275 419 4324 non
437 4255 736 4352 praevenientibus
751 4256 884 4329 meritis
900 4277 1040 4345 eorum,
1058 4251 1121 4324 sed
1140 4275 1205 4348 per
1218 4249 1369 4348 gratiam
1384 4247 1507 4346 ipsius,
1530 4244 1568 4318 id
1588 4258 1642 4317 est
1660 4242 1740 4334 Dei,
1756 4243 1818 4340 qui

224 4370 331 4466 prior
348 4369 472 4445 dilexit
485 4396 565 4446 nos.
585 4378 673 4463 Quae
692 4399 780 4449 vero
805 4375 850 4447 sit
878 4372 938 4446 illa
961 4371 1085 4470 gratia,
1110 4368 1149 4443 id
1162 4384 1216 4443 est
1231 4368 1423 4466 gratuitum
1447 4380 1482 4439 et
1507 4362 1690 4464 spirituale
1710 4361 1819 4460 ipsius

221 4485 385 4579 donum,
404 4491 577 4588 supponit
591 4491 716 4565 dicens
733 4519 741 4563 z
761 4522 779 4561 u
794 4497 860 4565 Per
881 4489 1166 4589 redemptionem
1192 4499 1354 4560 nostram
1379 4484 1507 4558 iactam
1534 4507 1598 4581 per
1622 4481 1816 4569 Christum,

219 4628 339 4702 quem
356 4611 542 4706 proposuit
564 4610 670 4683 nohis
687 4615 783 4683 Deus
801 4616 904 4684 Pater
918 4608 1202 4709 propitiatorem,
1217 4637 1236 4673 s
1262 4605 1300 4678 id
1316 4617 1368 4677 est
1388 4601 1708 4676 reconciliatorem.
1733 4626 1752 4667 u
1778 4600 1817 4668 ln

217 4726 407 4822 sanguine
423 4751 503 4815 suo,
522 4758 541 4795 r
559 4728 596 4801 id
614 4743 679 4821 est,
698 4755 763 4829 per
775 4744 931 4802 mortem
958 4751 1074 4817 marn,
1094 4740 1131 4800 et
1148 4725 1235 4824 quia
1253 4747 1328 4795 non
1351 4720 1534 4811 omnibus,
1549 4718 1610 4792 sed
1633 4716 1718 4790 solis
1738 4736 1819 4785 cre·

211 4843 694 4947 dentibushaecpropitiano
704 4849 949 4948 proponitura
959 4851 1051 4933 Deo,
1067 4844 1104 4918 id
1112 4859 1166 4919 est
1174 4842 1414 4934 constituitur,
1425 4839 1543 4914 addit:
1559 4866 1578 4907 n
1588 4841 1654 4909 Per
1662 4831 1783 4922 fidem,
1798 4856 1816 4895 n

255 5113 874 5184 1m.,up.vn,v.ta-²toau‚op.xr‚
892 5132 915 5169 r.
935 5122 971 5209 ¹‘l
