4559 6100
478 501 549 571 390
1077 494 1206 567 PE'l'lll
1231 495 1465 571 ABAELAlllll

478 648 596 718 anima
625 646 751 719 mundi
770 648 877 719 etiam
901 660 984 744 post
1005 658 1161 717 mortem
1181 661 1396 744 perseveret,
1422 671 1500 744 quae
1523 647 1560 718 in
1580 648 1750 719 omnibus
1771 664 1846 721 tota
1870 667 1924 724 est
1939 677 2070 750 corpo·

477 767 592 854 ribus,
619 768 726 840 etiam
749 768 785 838 in
812 766 868 838 his
893 768 929 836 in
957 764 1088 863 quibus
1110 781 1222 837 vacat.
1240 765 1337 852 Quid
1358 767 1465 840 etiam
1486 780 1539 839 est
1558 767 1656 864 quod
1674 769 1883 842 absentibus
1893 771 2071 845 humanis

475 886 676 970 animabus,
696 887 817 959 anima
841 885 966 957 mnndi
992 909 1146 982 corpora
1171 899 1304 970 nostra,
1334 884 1415 957 licet
1439 886 1490 958 eis
1517 886 1611 972 insit,
1637 889 1796 959 animare
1823 914 1897 960 nen
1924 891 2066 980 sufficit,

476 1031 558 1076 cum
593 1008 689 1103 ipsa,
724 1019 812 1078 teste
847 1004 1014 1094 Platone,
1044 1004 1183 1077 cunctis
1210 1002 1446 1076 invisibilibus
1474 1006 1696 1103 praestantior
1726 1031 1747 1079 a
1781 1011 2067 1105 praestantissimo

474 1138 620 1197 auctore
639 1125 731 1197 facta
749 1124 819 1197 sit?
843 1123 1025 1221 Numquid
1043 1123 1192 1194 minoris
1208 1121 1373 1194 efficaciae
1391 1137 1444 1195 est
1465 1124 1501 1195 in
1523 1123 1628 1196 nobis
1645 1150 1753 1222 quam
1772 1141 1905 1200 caeterae
1920 1130 2065 1216 anime,

474 1259 534 1316 aut
555 1247 631 1339 jam
653 1268 806 1342 corpora
825 1259 945 1315 nostra
969 1243 1136 1315 defuncta
1152 1267 1227 1314 non
1252 1258 1337 1314 sunt
1360 1241 1491 1316 idonea
1514 1243 1559 1316 ad
1580 1245 1827 1338 animandum,
1854 1249 1944 1319 sicut
1962 1263 2067 1320 antea

474 1379 593 1452 erant,
627 1363 861 1462 presentibus
890 1363 1055 1435 humanis
1095 1361 1309 1435 animabus?
1341 1366 1458 1435 Potest
1488 1388 1528 1436 ex
1570 1389 1643 1436 uno
1672 1391 1823 1464 corpore
1859 1368 2067 1439 innumeros

476 1507 611 1556 vermes
635 1482 830 1570 vivificare,
854 1507 937 1555 cum
951 1490 1025 1580 jam
1044 1484 1161 1580 ipsum
1187 1506 1323 1582 corpus
1342 1506 1416 1554 non
1439 1483 1532 1556 valet
1554 1484 1725 1573 animare,
1750 1510 1828 1582 quae
1853 1486 1953 1557 deest
1974 1490 2066 1585 apti·

474 1604 562 1675 tudo
579 1603 750 1675 defuncto
766 1603 924 1700 corpori,
944 1626 989 1673 ne
1009 1625 1105 1672 nunc
1122 1625 1271 1698 quoque
1285 1602 1478 1696 animetur,
1497 1603 1566 1674 nisi
1580 1618 1719 1675 tantum
1735 1605 1923 1703 praesentia
1940 1607 2066 1678 animae

473 1723 653 1814 humanae,
673 1747 752 1819 quae
773 1735 808 1794 et
828 1746 983 1820 praesens
1003 1746 1135 1819 corpus
1151 1719 1319 1810 vivificat,
1338 1735 1373 1793 et
1391 1720 1561 1794 recedens
1579 1724 1696 1820 ipsum
1721 1722 1932 1795 mortificat?
1957 1725 2064 1812 Quod

472 1842 500 1910 si
526 1841 571 1915 ad
594 1841 823 1914 involucrum
840 1842 947 1914 etiam
975 1842 1041 1912 ista
1063 1840 1307 1928 deflectamus,
1331 1866 1411 1937 quae
1436 1840 1482 1913 de
1505 1843 1624 1914 anima
1648 1842 1773 1913 mnndi
1795 1867 1814 1914 a
1841 1843 2066 1941 pbilosophis

472 1959 698 2053 dictasunt,
734 1959 834 2033 facile
861 1975 913 2032 est
943 1959 1202 2032 rationabiliter
1229 1975 1359 2031 cuncta
1385 1960 1518 2059 accipi,
1546 1986 1612 2033 nec
1641 1986 1662 2033 a
1687 1986 1794 2034 sacrae
1828 1961 1909 2034 bdei
1943 1977 2066 2036 tenore

474 2079 685 2154 exorbitare.

521 2200 717 2272 Conferant
752 2200 918 2272 humanae
954 2200 1081 2272 auimae
1118 2198 1331 2297 corporibus
1353 2200 1484 2270 nostris
1518 2200 1709 2273 animalem
1748 2202 1879 2290 vitam3
1907 2203 2066 2278 conterat

475 2320 594 2392 anima
613 2320 740 2393 mundi
763 2344 886 2418 quam,
912 2321 949 2390 ni
964 2318 1081 2412 fallor,
1103 2321 1274 2417 Spiritum
1291 2333 1453 2391 sanctum
1476 2317 1725 2391 intellexerunt
1741 2320 1962 2420 philosophi,
1984 2325 2067 2421 ipsis

473 2440 663 2514 animabus
691 2441 821 2513 nostris
847 2440 956 2511 vitam
981 2439 1220 2539 spiritualem,
1248 2439 1501 2513 distributione
1528 2440 1662 2512 scilicet
1686 2465 1833 2513 suorum
1863 2441 2062 2536 donorum,

473 2575 512 2630 ut
536 2561 609 2631 sint
634 2560 780 2655 singulae
801 2562 927 2631 animae
945 2559 1018 2629 vita
1041 2582 1251 2655 corporum,
1277 2559 1429 2656 Spiritus
1452 2572 1571 2630 autem
1595 2572 1738 2631 sauctus
1754 2560 1825 2632 vita
1849 2562 2063 2649 animarum,

471 2703 560 2773 quas
582 2678 782 2773 vegetando
811 2676 858 2748 ad
883 2676 1085 2775 proiectum
1111 2676 1294 2747 bonorum
1330 2701 1481 2774 operum
1510 2693 1721 2775 promovet,
1759 2680 1917 2775 quodam
1946 2683 2066 2777 itaque

473 2798 585 2869 modo
609 2797 735 2868 animae
756 2807 886 2867 nostrae
907 2818 1062 2892 corpora
1086 2795 1254 2891 quaedam
1276 2796 1427 2894 Spiritus
1449 2797 1562 2867 sancti
1583 2797 1744 2869 dicendae
1764 2814 1860 2888 sunt,
1886 2823 1972 2895 quas
1988 2802 2066 2899 ipse

471 2940 536 3012 per
557 2915 706 3012 aliquod
724 2914 845 3010 gratiae
860 2938 931 2985 suae
948 2912 1102 3003 donum,
1121 2915 1223 3012 quasi
1241 2914 1413 3013 templum
1430 2914 1617 3004 inhabitat,
1639 2931 1674 2988 et
1691 2917 1878 2992 virtutibus
1893 2918 2060 2993 vivificat.

470 3034 540 3107 Sed
566 3051 602 3107 et
628 3034 715 3108 illud
742 3033 843 3134 quod
868 3035 988 3126 aiunt,
1021 3035 1177 3108 animam
1207 3051 1318 3107 totam
1351 3035 1498 3133 singulis
1525 3035 1739 3135 corporibus
1764 3037 1914 3110 infusam
1941 3042 2064 3113 omnia

470 3155 660 3243 vivificare,
685 3170 791 3253 atque
816 3155 994 3247 animare,
1018 3180 1098 3253 quae
1121 3154 1167 3227 ad
1192 3153 1428 3228 animandum
1452 3154 1582 3227 idonea
1605 3158 1756 3254 reperit,
1782 3156 1880 3230 nulla
1904 3159 2064 3257 ipsorum

469 3275 602 3348 duritia
624 3276 678 3346 vel
696 3275 878 3346 densitatis
901 3289 1029 3347 natura
1044 3274 1276 3372 impediente,
1294 3273 1486 3373 pulchrum
1502 3289 1555 3346 est
1579 3276 1818 3363 involucrum,
1837 3280 1922 3374 qula
1938 3282 2064 3352 caritas

472 3396 550 3487 Dei,
568 3420 677 3493 quam
697 3395 867 3493 Spiritum
886 3409 1049 3467 sanctum
1065 3394 1233 3486 dicimus,
1255 3386 1424 3467 cordibus
1444 3395 1612 3468 humanis
1637 3421 1701 3494 per
1720 3395 1804 3467 fidei
1828 3398 1903 3468 sive
1919 3400 2064 3487 rationis

469 3515 609 3586 donum
629 3516 794 3614 primitus
821 3513 950 3604 inlusa,
986 3513 1152 3611 quadam
1186 3512 1353 3601 viviticat,
1375 3513 1421 3586 ad
1444 3513 1625 3586 bonorum
1650 3540 1803 3613 operum
1823 3515 1977 3588 fructum
1999 3544 2063 3589 nos

471 3633 734 3732 promovende,
763 3647 802 3703 nt
827 3634 935 3704 vitam
963 3656 1198 3728 assequamur
1223 3646 1410 3723 aetemam,
1441 3646 1476 3704 et
1500 3635 1542 3727 ¹in
1569 3633 1783 3730 quibusdam
1809 3636 1886 3732 ipse
1913 3636 2063 3733 Spiritus

469 3781 595 3827 vacare
615 3756 759 3845 dicitur,
783 3756 967 3853 pravitatis
991 3778 1118 3825 eorum
1143 3754 1273 3826 duritia
1298 3769 1531 3853 repugnante.
1552 3760 1652 3828 Hanc
1671 3773 1791 3830 autem
1814 3758 1941 3830 animm
1965 3760 2062 3830 vide·

471 3875 551 3946 licet
583 3875 775 3947 mundanae
799 3873 1002 3947 doctrinam
1032 3873 1212 3971 precipue
1236 3873 1524 3970 diligentissimus
1551 3874 1852 3974 philosophorum
1885 3878 1922 3946 in
1953 3902 2061 3975 expo·

472 3994 602 4066 sitione
620 3992 824 4066 Macrobius
834 3994 986 4092 posteris
1003 3991 1158 4089 reliquit.
1176 3993 1283 4088 Cujus
1298 3992 1445 4090 quidem
1459 3992 1568 4066 verba
1583 3995 1612 4064 si
1627 3994 1803 4067 subtiliter
1818 3996 2059 4093 inspiciamus,

475 4129 586 4185 totam
613 4137 694 4185 vere
719 4112 829 4184 fidem
853 4125 1013 4184 nostram
1034 4109 1081 4181 de
1106 4111 1237 4208 Spiritu
1265 4128 1390 4186 sancto
1416 4114 1453 4184 in
1477 4113 1562 4210 ipsis
1586 4138 1788 4211 expressam
1816 4115 2059 4205 inveniemus,

469 4257 555 4304 cum
579 4233 675 4306 hanc
699 4233 812 4330 ipsam
835 4231 992 4304 animam
1013 4244 1047 4301 et
1073 4244 1270 4302 creatorem
1289 4233 1466 4322 nominet,
1493 4246 1600 4329 atque
1622 4256 1664 4303 ex
1683 4236 1886 4306 Deo'Patre
1910 4249 1945 4303 et
1967 4238 2058 4328 Noy,

473 4351 544 4424 boc
571 4365 623 4423 est
651 4355 729 4422 Deo
755 4349 843 4422 Filio
870 4373 951 4421 eam
978 4371 1056 4419 esse
1086 4362 1238 4440 astruat,
1267 4375 1419 4447 eamque
1448 4350 1555 4422 etiam
1583 4349 1628 4421 ad
1655 4336 1829 4423 unitatem
1858 4350 2061 4423 substantiae

473 4470 747 4568 adsignandam,
766 4494 874 4565 quam
891 4468 1001 4541 habet
1014 4491 1097 4539 cum
1114 4466 1217 4561 Filio,
1235 4493 1256 4540 a
1273 4493 1346 4565 quo
1365 4471 1441 4568 ipsa
1458 4485 1523 4559 est,
1542 4494 1816 4567 nonnumquam
1833 4475 1935 4568 Noyn
1953 4495 2061 4543 ausus

470 4592 517 4664 sit
533 4590 725 4691 appellare.
745 4587 849 4661 Unde
864 4604 898 4661 et
917 4587 1024 4660 verba
1035 4586 1172 4691 virgilii
1185 4612 1369 4686 exponens
1381 4587 1470 4660 dicit
1482 4587 1526 4661 de
1538 4588 1721 4661 mundana
1738 4588 1889 4684 loquens
1905 4593 2057 4663 auima¹z

475 4743 492 4781 a
508 4716 598 4785 Nam
620 4725 657 4783 et
678 4707 817 4781 mundo
843 4709 999 4781 animam
1020 4705 1132 4794 dedit,
1153 4721 1188 4779 et
1211 4722 1250 4779 ut
1266 4709 1411 4807 puritati
1432 4708 1508 4804 ejus
1524 4721 1760 4799 attestaretur,
1780 4724 1938 4781 mentem
1957 4734 2060 4782 voca-

468 4835 533 4905 vit.
552 4860 569 4899 u
596 4836 685 4903 ltern
707 4856 715 4900 :
740 4833 815 4899 «Et
836 4844 876 4901 nt
893 4826 987 4903 illius
1009 4826 1202 4900 mundane
1219 4828 1346 4901 animae
1361 4841 1533 4901 assereret
1549 4825 1781 4925 dignitatem,
1811 4844 1969 4903 mentem
1986 4855 2062 4903 esse

600 5042 622 5109 t

502 5111 652 5162 'comment
669 5108 698 5157 in
713 5119 791 5158 romu.
805 5104 946 5169 Scipionis,
963 5103 983 5165 t,
994 5115 1048 5164 cap.
1057 5114 1107 5152 xit.
