4559 6100
734 553 993 627 rflsouoou
1027 503 1304 630 canisium.
1738 558 1811 632 393

207 673 281 776 boc
299 716 353 774 est
374 702 484 774 totius
507 687 699 776 mundante
724 677 865 776 fabricae
884 704 1135 803 quantitatem,
1158 708 1261 804 quasi
1283 708 1411 779 cuncta
1438 707 1632 781 inmundo
1660 709 1812 784 vivificet

209 838 272 932 aut
296 838 454 915 moveat,
482 823 684 897 secuudum
709 823 781 895 hoc
802 827 938 925 accipe,
962 825 1063 924 quod
1087 828 1225 926 optime
1245 827 1382 918 cuneta,
1393 828 1570 929 disponit,
1651 921 1659 938 ·

632 1057 821 1150 Stabilisque
837 1081 972 1125 manens
985 1057 1041 1124 dat
1053 1076 1169 1126 cuncta
1184 1060 1302 1127 moveri
1311 1059 1333 1124 ¹.

211 1292 338 1365 Vivere
376 1293 483 1366 etiam
525 1294 562 1365 in
602 1292 679 1367 Deo
717 1289 851 1369 ‘cuncta
896 1295 1095 1386 dicuntur,
1136 1296 1337 1369 secundum
1376 1294 1477 1394 quod
1517 1296 1553 1366 in
1597 1297 1676 1394 ipso
1714 1296 1812 1369 nulla

210 1427 295 1485 sunt
326 1429 489 1506 mortua,
517 1414 588 1486 boc
620 1431 673 1487 est
707 1415 860 1507 inutilia,
897 1416 962 1490 sed
993 1418 1117 1489 omnia
1153 1418 1286 1490 utiliter
1313 1431 1375 1489 aut
1410 1418 1668 1490 convenienter
1700 1417 1809 1509 lacta,

210 1534 285 1606 sive
311 1533 489 1607 ordinata.
506 1534 627 1607 -Unde
655 1537 829 1636 seriptum
860 1541 930 1610 est¹
958 1565 966 1610 :
996 1535 1138 1625 «Quod
1165 1536 1298 1608 lactum
1325 1550 1378 1608 est
1412 1537 1449 1608 in
1480 1538 1559 1635 ipso
1585 1539 1655 1610 vita
1687 1543 1808 1629 erat,i

210 1653 282 1726 hoc
298 1669 353 1727 est
368 1655 404 1726 in
426 1654 517 1752 ipsa,
546 1670 739 1754 antequam
757 1656 906 1748 fierent,
935 1656 1159 1756 providentia
1177 1656 1306 1729 divinae
1321 1656 1503 1756 sapientiae
1520 1643 1811 1731 commodissime

212 1790 316 1849 erant
341 1775 519 1874 ordinata.
550 1776 653 1864 ¹Hinc
680 1803 802 1850 rursus
835 1776 965 1850 dicitur
999 1781 1127 1849 «Deus
1157 1778 1215 1849 cui
1245 1778 1369 1850 omnia
1400 1778 1551 1848 vivunt»
1584 1803 1593 1847 ε
1631 1792 1666 1849 et
1699 1781 1810 1877 Apos-

212 1885 306 1959 tolus
335 1887 476 1986 inquit⁸
505 1912 513 1956 :
547 1891 623 1958 «ln
655 1914 729 1985 quo
762 1890 947 1981 vivimus,
978 1914 1191 1982 movemur,
1226 1903 1262 1960 et
1295 1912 1432 1961 sumus.
1462 1919 1478 1955 ι
1523 1892 1609 1961 Tam
1644 1889 1811 1963 homines

211 2030 320 2106 quam
346 2005 504 2105 pecudes
529 2007 699 2102 vivificat,
724 2011 826 2107 cujus
849 2008 947 2082 dona
972 2010 1092 2108 aliqua
1117 2008 1165 2082 ad
1191 2010 1302 2084 vitam
1327 2023 1401 2082 tam
1427 2008 1677 2108 sapientissimi
1700 2035 1810 2107 quam

210 2127 388 2226 simplices
415 2141 523 2224 atque
556 2127 676 2199 idiotae
701 2127 849 2201 habent.
880 2127 985 2201 Unde
1009 2144 1043 2201 et
1069 2130 1106 2200 in
1137 2129 1348 2202 Ecclesiaste
1373 2129 1539 2202 dicitnr⁸2
1564 2133 1688 2217 «Quis
1710 2132 1811 2203 novit

211 2248 356 2346 spiritus
376 2245 534 2318 filiorum
556 2245 669 2319 Adam
685 2248 716 2321 si
731 2248 899 2322 ascendat
915 2273 1072 2338 sursum,
1093 2263 1129 2322 et
1146 2249 1175 2321 si
1190 2250 1336 2346 spiritus
1348 2231 1598 2345 jumentorum
1616 2248 1811 2322 descendat

210 2366 405 2440 deorsum?
419 2396 437 2433 ι
464 2369 542 2438 Ηοο
569 2368 708 2465 estqui
731 2369 802 2440 sint
824 2368 1063 2468 predestinati
1086 2368 1132 2441 ad
1158 2369 1292 2462 vitam,
1311 2369 1373 2466 qui
1399 2366 1560 2466 deputati
1582 2368 1628 2440 ad
1654 2384 1809 2442 mortem

209 2486 255 2560 de
281 2486 549 2586 sapientissimis
565 2501 600 2559 et
621 2486 756 2559 idiotis.
775 2492 858 2560 Haec
881 2487 927 2561 de
944 2488 1128 2561 Macrobio
1147 2488 1297 2562 collecta
1313 2486 1503 2560 sufficiant.
1527 2489 1563 2560 Si
1586 2488 1668 2586 quis
1688 2501 1810 2562 autem

186 2606 270 2682 'me
299 2608 401 2704 quasi
433 2608 680 2706 importunum
717 2632 759 2681 ac
786 2608 987 2682 violentum
1019 2609 1261 2709 expositorem
1287 2623 1465 2699 causetur,
1496 2634 1540 2681 eo
1574 2608 1674 2706 quod
1703 2610 1810 2683 nimis

205 2707 378 2828 improba
399 2728 623 2825 expositione
650 2727 696 2801 ad
719 2727 830 2802 fidem
852 2744 1012 2801 nostram
1038 2728 1148 2801 verba
1174 2727 1476 2829 philosophorum
1498 2728 1748 2827 detorqueam,
1774 2747 1811 2804 et

210 2849 281 2922 hoc
301 2849 352 2924 eis
371 2849 558 2947 imponam
577 2850 677 2947 quod
699 2875 929 2949 nequaquam
946 2851 1015 2951 ipsi
1037 2851 1239 2942 senserint,¹
1257 2851 1416 2923 attendat
1438 2849 1533 2923 illam
1556 2849 1699 2950 Caipbae
1722 2877 1809 2950 pro·

210 2968 392 3071 phetiam,
424 2994 535 3069 quam
560 2972 713 3069 Spiritus
744 2987 888 3044 sanctus
917 2997 983 3071 per
1007 2997 1091 3046 enm
1116 2972 1285 3072 protulit,
1314 2972 1420 3071 longe
1448 2972 1635 3051 adolium
1663 2996 1808 3046 sensum

211 3115 289 3165 earn
314 3091 609 3185 accommodans,
631 3118 741 3189 quarn
758 3094 919 3192 prolator
935 3095 1011 3193 lpse
1032 3095 1192 3167 senserit.
1215 3100 1304 3167 Nam
1326 3108 1362 3165 et
1378 3094 1490 3167 sancti
1507 3092 1705 3192 prophetae,
1725 3119 1808 3167 cum

210 3211 329 3312 aliqua
360 3212 513 3311 Spiritus
546 3225 690 3284 sanctus
716 3237 780 3311 per
805 3237 869 3285 eos
894 3212 1067 3309 loquitur,
1096 3239 1172 3286 non
1194 3238 1321 3286 omnes
1343 3207 1557 3304 sententias,
1583 3213 1628 3283 ad
1658 3237 1747 3310 quas
1771 3240 1809 3286 se

209 3331 346 3405 habent
374 3330 485 3405 verba
513 3355 597 3424 sua,
627 3332 847 3429 intelligunt3
880 3331 943 3405 sed
970 3358 1062 3432 saepe
1091 3342 1200 3406 unam
1228 3348 1369 3407 tantum
1396 3335 1433 3405 in
1463 3330 1693 3424 eishabent,
1724 3357 1808 3404 cum

209 3453 362 3552 Spiritus
380 3454 457 3551 ipse
473 3453 537 3550 qui
554 3477 695 3551 percos
710 3453 882 3551 loquitur,
904 3452 1034 3526 multas
1051 3454 1100 3526 ibi
1119 3454 1319 3552 provideat,
1337 3478 1449 3552 quare
1470 3451 1706 3552 postmodum
1723 3452 1809 3526 alias

209 3573 286 3647 aliis
303 3571 580 3670 expositoribus,
601 3586 636 3644 et
654 3571 740 3645 alias
760 3572 837 3645 aliis
857 3573 1019 3672 inspirat.
1040 3574 1144 3647 Unde
1161 3576 1356 3673 Gregorius
1375 3575 1411 3647 in
1434 3576 1594 3673 regiano
1612 3571 1659 3645 ad
1675 3575 1809 3647 lanua·

210 3696 304 3766 rium
318 3695 548 3793 episcopum¹
563 3692 804 3766 Caralitanum
821 3692 981 3767 scribens
995 3695 1158 3793 loquitur
1175 3722 1183 3766 ε
1206 3726 1222 3763 «
1237 3700 1276 3767 ln
1295 3694 1477 3768 intellectu
1493 3717 1600 3765 sacrae
1619 3693 1808 3791 Scripturae

212 3814 331 3913 respui
350 3839 425 3886 non
444 3813 552 3887 debet
569 3813 748 3912 quidquid
770 3838 863 3886 sanae
885 3814 970 3887 fidei
995 3840 1071 3887 nou
1090 3816 1231 3889 resistit.
1254 3816 1352 3888 Sicut
1369 3816 1467 3888 enim
1489 3838 1532 3887 ex
1549 3837 1624 3886 uno
1640 3837 1730 3884 auro
1749 3813 1808 3884 alii

211 3934 437 4025 murenulas,
454 3934 524 4008 'alii
549 3934 724 4024 annulos,
742 3932 812 4007 'atii
833 3934 1006 4008 dextralia
1033 3936 1079 4009 ad
1109 3952 1367 4009 ornamentum
1384 3935 1519 4009 faciunt
1548 3960 1557 4003 z
1588 3934 1637 4007 ita
1666 3958 1709 4007 ex
1735 3956 1808 4007 una

211 4055 401 4154 Scriptura
426 4079 533 4127 sacrae
556 4055 730 4127 sententia
756 4056 978 4154 expositores
1000 4056 1135 4154 quique
1160 4081 1224 4156 per
1252 4057 1460 4129 innumeros
1485 4051 1687 4126 intellectus
1709 4054 1812 4150 qnasi

213 4176 309 4247 varia
332 4191 544 4248 ornamenta
569 4190 822 4274 componunt:
852 4199 931 4272 quae
948 4190 1069 4248 tamen
1094 4177 1218 4250 omnia
1240 4176 1287 4249 ad
1308 4175 1476 4249 decorem
1501 4174 1653 4247 coelestis
1671 4196 1810 4272 sponsae

212 4294 419 4395 proficiunt.
446 4324 464 4363 n
491 4301 570 4395 lpse
587 4310 758 4394 praterea
779 4295 983 4368 Macrobius
1008 4322 1051 4370 ea
1069 4321 1148 4394 quae
1171 4296 1218 4369 de
1238 4297 1360 4370 anima
1385 4293 1514 4367 mundi
1537 4310 1559 4367 a
1584 4292 1810 4393 pbilosophis

212 4415 307 4489 dicta
333 4431 429 4508 sunt,
456 4418 604 4515 mystice
620 4416 887 4515 interpretanda
900 4418 985 4490 'esse
1006 4440 1113 4515 supra
1137 4417 1315 4489 meminit.
1334 4419 1423 4503 Quae
1446 4416 1554 4488 etiam
1575 4438 1660 4486 cum
1678 4413 1810 4512 exponi

213 4538 386 4617 veraciter
409 4520 751 4610 aut‘convenienter
773 4536 977 4610 nullatenus
999 4541 1148 4634 queant,
1177 4552 1349 4634 utsupra
1376 4535 1623 4625 meminimus,
1642 4536 1720 4633 ipsa
1744 4557 1811 4605 nos

214 4656 330 4730 littera
350 4656 395 4730 ad
418 4659 678 4757 expositionem
695 4658 881 4754 mysticam
901 4657 1100 4757 compellit.
1126 4655 1460 4754 Pluribos'quoque
1483 4669 1690 4728 sanctorum
1713 4653 1809 4725 testi·

215 4770 345 4851 moniis
361 4778 554 4851 didicimus
573 4779 794 4852 Platonicam
817 4794 952 4852 sectam
969 4778 1153 4852 catholicae
1170 4776 1254 4850 fidei
1271 4776 1508 4865 concordare,
1527 4775 1625 4848 unde
1642 4796 1716 4847 non
1733 4772 1811 4847 sine

246 5084 983 5163 comnenus..nuru-uonna.cesa-mn
1037 5098 1116 5163 meg.
1130 5099 1166 5153 ιι
1178 5095 1596 5162 ιιιιιιιιιιιιιιιιιριιιωιιιι.
1608 5093 1703 5159 epac,
1712 5093 1755 5145 n.
1768 5090 1811 5156 ιιι,

212 5180 313 5246 apocr,
329 5196 382 5245 cap.
396 5196 459 5245 xru,
471 5195 496 5235 r.
507 5184 583 5235 tu·
594 5184 603 5215 ⁴
613 5181 720 5245 Baetes,
741 5194 795 5245 cap.
808 5195 845 5243 nr,
862 5196 885 5231 ι.
899 5184 938 5234 n.
954 5207 982 5219 -
1037 5195 1078 5243 cn.
1093 5184 1133 5234 67.

330 5294 354 5331 ιι
1650 5269 1688 5327 50
