4559 6100
890 2 956 40 ΙΙΙ
1007 0 1090 62 Ὶ,.’
1748 7 1793 43 q

197 141 296 226 Quod
311 165 409 233 quam
423 142 469 206 ibi
488 140 670 233 discrepans
685 158 719 207 ct
733 141 965 207 inconcinnum
984 143 1090 223 fuerit,
1108 144 1221 234 paucis
1234 143 1418 235 expediam.
1441 144 1538 209 Liber
1552 144 1605 210 ille
1622 144 1803 212 Salomonis

198 263 233 327 in
261 263 364 330 sancti
390 263 524 354 Spiritus
550 260 679 329 officina
708 260 876 344 conflatus,
901 263 1018 328 Christi
1042 280 1075 329 et
1096 264 1246 330 Ecclesiae
1273 265 1331 329 sub
1359 263 1475 354 Sponsi
1504 263 1698 354 Sponsaeque
1724 281 1803 356 typo
1911 340 1921 351 ³

198 384 327 448 maritat
344 383 520 474 amplexus.
538 383 642 449 Porro
659 384 778 474 nuptiis
793 382 911 474 gaudia
927 400 1119 450 consonant.
1138 386 1183 450 At
1197 384 1377 450 Bernardus
1394 400 1450 448 aut
1469 408 1577 449 rerum
1593 385 1802 454 obscurarum

196 505 296 573 taedio
308 509 421 590 victus,
435 524 491 573 aut
505 508 669 600 negligens
680 507 828 600 Apostoli
839 508 962 575 dictum
973 508 1136 575 suadentis
1152 508 1293 601 gaudere
1305 532 1379 576 cum
1395 507 1621 599 gaudentibus,
1638 527 1803 576 mortuum

197 650 291 691 snum
307 626 396 693 ducit
418 627 461 693 ad
477 630 617 719 nuptias,
643 652 718 695 cum
732 629 885 720 scriptum
900 631 967 695 sits
993 660 1007 687 a
1022 628 1099 694 Non
1115 645 1163 694 est
1179 630 1265 694 Deus
1277 644 1498 708 mortnomm,
1517 628 1574 691 sed
1589 630 1796 694 viventium·

196 744 424 813 Discumbente
446 749 555 841 itaque
574 748 699 839 Sponsa
716 750 751 813 in
767 749 899 840 Sponsae
922 751 1064 841 gremio,
1082 765 1116 814 et
1127 748 1305 836 juvenculis
1337 747 1452 837 Sponsi
1475 747 1671 838 sponsaeque
1684 751 1803 833 juven·
1823 762 1830 775 ·

196 868 330 936 culabus
346 872 468 937 alterna
480 865 685 959 jocunditate
702 873 940 965 plaudentibus,
957 873 1037 940 tuba
1060 873 1203 949 funebris
1218 872 1324 938 subito
1341 872 1472 963 clangit.
1491 871 1601 962 Epulae
1624 873 1658 937 in
1678 873 1802 939 luctum

195 1006 290 1073 cunt,
316 1014 437 1081 organa
457 1009 626 1059 vertuntur
645 994 680 1058 in
709 992 816 1060 funus.
837 991 1008 1085 Tragoedia
1031 993 1129 1058 risum
1149 993 1290 1085 prolcrt¹
1314 994 1511 1084 nuptiarum.
1532 993 1607 1058 Non
1628 992 1799 1076 discretus,

194 1134 265 1175 non
289 1110 418 1202 elegans
443 1113 605 1178 citharista
629 1112 732 1196 fuisti,
757 1113 812 1202 qui
838 1112 989 1179 funebres
1019 1113 1170 1178 modulos
1193 1114 1282 1203 regio
1309 1113 1456 1178 convivio
1477 1112 1685 1202 praesentasti.
1722 1113 1802 1195 Quis

196 1255 340 1321 unquam
356 1235 526 1299 somniavit
544 1232 609 1299 tale
627 1232 830 1323 portentum?
850 1234 998 1299 Solemus
1016 1233 1122 1300 ridere
1137 1235 1277 1325 picturas
1293 1233 1480 1331 incipientes
1500 1233 1541 1297 ab
1558 1232 1690 1298 homine
1713 1248 1747 1297 et
1766 1234 1803 1298 in

195 1352 320 1416 aunum
343 1350 537 1419 desinentes.
561 1355 716 1431 Revolve,
742 1353 983 1444 quoes0,⁴prisci
1007 1377 1104 1443 super
1122 1354 1209 1417 hunc
1232 1353 1350 1417 librum
1373 1369 1583 1418 monumenta
1606 1352 1743 1440 ingenii,
1769 1367 1802 1418 et

193 1469 321 1536 nullum
335 1473 486 1562 reperies,
504 1473 559 1562 qui
575 1473 609 1537 in
620 1471 803 1560 hujusmodi
824 1473 957 1538 materia
973 1472 1072 1537 tristia
1088 1471 1168 1536 laetis
1180 1472 1391 1537 confoederet.
1408 1471 1506 1539 Unde
1521 1472 1658 1538 Rhcticii
1671 1474 1802 1562 Augus·

191 1584 383 1656 todunensis
399 1615 495 1659 aurea
513 1593 558 1657 sic
575 1592 737 1682 depromit
745 1616 902 1658 eamoena:
921 1592 1014 1658 «Mos
1030 1609 1088 1675 est,
1103 1593 1220 1681 inquit,
1234 1616 1397 1683 generosae
1414 1593 1555 1658 materiae
1569 1591 1799 1676 observandus,

192 1713 310 1806 890ηοὶ
330 1716 525 1807 sponsaeque
548 1717 690 1808 tripudia
714 1718 826 1784 festiva
846 1717 927 1783 tuba
942 1717 1134 1809 persultent.
1153 1718 1267 1807 Neque
1294 1720 1381 1783 enim
1405 1718 1568 1783 inlunem
1598 1716 1645 1781 las
1669 1716 1802 1797 distrahi

192 1836 356 1916 animum,
383 1837 540 1926 quoniam
567 1834 609 1902 ad
640 1836 872 1927 “ponendum
904 1839 1027 1904 cantica
1055 1838 1240 1928 nuptiarum
1265 1838 1379 1902 invitat
1408 1837 1553 1903 alacritas
1578 1836 1799 1901 convivarum.

191 1954 260 2021 Sed
275 1959 431 2046 quoniam
445 1932 543 2024 tantas
558 1957 715 2023 facultatis
728 1959 811 2024 ratio
824 1960 859 2024 in
874 1958 969 2024 nobis
982 1957 1034 2024 vel
1052 1958 1139 2024 nulla
1155 1975 1215 2041 est,
1232 1957 1283 2024 vel
1297 1958 1476 2024 admodum
1492 1957 1585 2035 orba,
1602 1956 1669 2040 ejus
1682 1955 1802 2019 innitar

192 2078 318 2166 gratita,
336 2080 393 2168 qni
407 2102 467 2169 per
481 2078 693 2169 Evangelium
706 2102 800 2145 suum
816 2095 910 2145 sonat
929 2102 943 2144 ι,
957 2079 1033 2145 Sine
1049 2102 1102 2145 mc
1118 2077 1198 2155 nibil
1215 2079 1347 2170 potestis
1362 2080 1478 2143 lacere.
1493 2077 1606 2165 Neque
1620 2091 1706 2139 certe
1722 2074 1802 2139 mibi

193 2193 321 2262 deficiet
332 2188 550 2263 transitorium
565 2199 712 2280 verbum,
730 2221 805 2264 cum
821 2198 953 2265 credam
968 2200 1003 2264 in
1013 2199 1159 2265 Verbum
1177 2196 1267 2287 quod
1278 2214 1326 2263 est
1341 2199 1374 2262 in
1388 2197 1547 2288 principio
1559 2194 1645 2285 apud
1660 2195 1797 2259 Deum»

188 2315 222 2381 0
236 2339 301 2381 vox
326 2318 492 2383 Catholico
517 2316 614 2409 digna
637 2316 785 2383 doctore*v
813 2320 843 2384 0
868 2317 970 2384 fidelis
996 2318 1161 2384 confessor
1189 2319 1317 2409 gratie!
1342 2319 1441 2381 Recte
1465 2313 1731 2407 perpendiculum
1753 2313 1803 2378 sui

185 2435 303 2522 judicii
326 2437 375 2502 vir
397 2439 524 2529 sapiens
546 2439 695 2515 lineavit,
722 2439 778 2529 qui
804 2462 977 2504 moerorem
1000 2461 1017 2503 a
1050 2440 1171 2530 gaudio
1197 2455 1288 2503 tanto
1317 2436 1486 2502 interstitio
1509 2435 1727 2525 sequestravit.
1751 2434 1803 2498 Tu

189 2579 269 2622 vero
294 2559 449 2625 terminos
471 2559 722 2650 transgrediens,
745 2582 827 2649 quos
848 2575 1023 2650 posuerunt
1039 2559 1153 2625 Patres
1171 2560 1237 2641 tui,
1266 2560 1392 2624 cantica
1412 2557 1445 2620 in
1460 2554 1584 2647 elegos,
1603 2555 1745 2619 carmina
1766 2553 1802 2618 in

188 2677 324 2743 threnos
346 2694 431 2744 sorte
455 2680 630 2745 miserabili
650 2680 845 2746 convertisti.
877 2680 975 2763 Quod
996 2682 1023 2746 si
1046 2681 1106 2744 tibi
1127 2679 1275 2746 deessent
1296 2677 1515 2743 ecclesiasticae
1536 2676 1614 2741 scita
1636 2696 1797 2758 censurae,

187 2797 332 2865 recolere
345 2813 475 2888 poteras
490 2800 586 2864 etiam
603 2800 730 2891 gentilis
744 2796 888 2864 instituta
905 2800 1096 2890 prudentiae.
1115 2800 1200 2865 Nam
1214 2823 1288 2865 cum
1304 2798 1418 2863 Zeuxis
1433 2797 1538 2887 pictor
1553 2796 1688 2862 eximius
1704 2794 1800 2860 simu·

191 2926 316 2994 lacrum
332 2926 464 2993 Helenae
485 2928 601 3018 pinxit,
623 2950 690 2992 non
712 2929 742 2994 ei
762 2929 895 2994 brachia
916 2930 1037 3013 simiae,
1055 2950 1115 2994 nec
1131 2929 1283 2993 chimerae
1297 2942 1459 3006 ventrem,
1479 2949 1540 2991 nec
1553 2924 1690 2990 caudam
1705 2922 1800 3013 piscis

189 3048 329 3139 aptavit,
349 3046 409 3115 sed
423 3048 641 3114 humanorum
651 3051 874 3116 membrorum
889 3048 1086 3141 expolitione
1101 3048 1281 3139 perfectum
1296 3046 1432 3139 publicis
1458 3044 1588 3113 usibus²
1607 3043 1796 3138 propalavit.

190 3167 346 3259 Alioquin
360 3168 515 3236 indecens
530 3184 562 3235 et
577 3168 750 3235 ridiculosa
765 3186 848 3235 essct
862 3171 999 3260 pictura.
1016 3170 1113 3235 Unde
1131 3170 1285 3235 Horatius
1299 3170 1334 3233 in
1349 3158 1430 3233 Arte
1436 3164 1587 3258 poetica⁸
1609 3188 1618 3232 t

516 3362 653 3418 Humano
668 3359 755 3439 capiti
767 3359 910 3419 cervicem
924 3359 1018 3438 pictor
1030 3359 1167 3439 equinam

514 3456 644 3533 Iungere
655 3453 679 3512 si
690 3452 772 3524 velit,
782 3466 812 3513 et
823 3454 919 3513 varias
930 3453 1069 3513 inducere
1082 3452 1210 3533 plumas,

513 3545 651 3625 Undique
665 3547 776 3606 collatis
788 3546 942 3622 membris3
958 3561 991 3606 ut
1006 3547 1131 3627 turpiter
1146 3559 1243 3606 atrum

516 3639 636 3699 Desinat
646 3641 677 3700 in
693 3641 803 3720 piscem
815 3640 922 3701 mulier
933 3641 1060 3700 formosa
1072 3659 1198 3720 superne
1211 3659 1220 3700 τ

515 3737 681 3815 Spectatum
695 3734 825 3810 admissi,
845 3736 935 3795 risum
948 3735 1069 3795 teneatis
1084 3734 1183 3796 amici.

187 3901 347 3991 Concedit
366 3949 434 4012 ars,
451 3944 489 3992 ut
504 3929 594 4019 quod
613 3931 691 3997 velis
712 3932 865 4023 incipias,
888 3932 946 3998 sed
965 3955 1033 3998 non
1054 3947 1091 3997 ut
1107 3930 1285 4020 quemlibet
1305 3927 1404 3992 finem
1423 3923 1533 4016 coeptis
1545 3922 1608 3988 tuis
1621 3942 1794 4012 supponas.

186 4044 286 4112 Unde
301 4046 391 4114 idem
406 4064 503 4141 poeta
519 4048 618 4140 paulo
635 4067 709 4142 post
723 4050 866 4143 scripsit⁴
889 4075 898 4118 ε
954 4045 959 4054 ’

513 4292 656 4311 .....
682 4247 847 4309 Pictoribus
861 4260 949 4326 atque
962 4248 1055 4328 poetis

513 4339 661 4417 Quidlibet
675 4342 803 4404 audendi
815 4361 930 4423 semper
943 4342 999 4402 sirit
1015 4360 1100 4422 equa
1115 4350 1252 4421 potestas.

217 4577 1498 4647 ttamntmnrrmrntmt.-¹tmntomavnoo.-·1nundinantem«.
