4559 6100
491 83 585 139 Parra
602 100 656 160 per
672 78 830 162 ingenitam
848 80 984 146 deitatem
1003 85 1203 166 omnipotens,
1221 88 1267 159 11,

531 182 589 238 367
601 203 610 253 ;
624 180 743 259 propria
756 183 849 241 Patris
863 183 991 261 potentia
1008 203 1067 261 qua
1084 182 1164 259 solus
1177 183 1269 263 ipsea

530 294 574 351 se,
585 294 645 334 uon
659 274 697 335 ab
710 276 769 336 alio
782 277 923 355 subsistit,
938 283 979 349 11,
996 284 1032 338 17
1045 293 1075 339 et
1087 300 1171 359 sqq.;
1188 282 1266 355 367;

529 372 649 432 nomine
668 374 761 433 Patris
781 376 910 454 putentia
929 374 1109 455 designatur,
1127 379 1174 448 11,
1189 379 1265 451 3613

530 474 605 545 366;
627 476 713 532 Pater
734 473 856 533 aliarum
874 493 1063 552 personarum
1086 492 1192 547 causa,
1214 492 1267 534 seu

527 570 715 650 principium,
730 570 947 650 quodammodo
958 570 1075 646 dicitur,
1090 573 1130 646 11,
1147 572 1216 633 519.

486 720 646 792 Pausanias,
666 733 699 779 ut
716 719 878 794 homicida,
896 719 1035 800 peremit,
1050 717 1100 797 qui
1114 738 1188 797 quos
1207 739 1265 798 po·

527 829 593 890 test,
607 837 667 877 nou
679 830 819 878 sustentat
831 816 1033 896 eleemosynis,
1047 821 1074 890 Ι,
1087 820 1158 876 tuo.

485 967 614 1024 Pnccara
626 965 824 1028 sacerdotibus
836 966 966 1028 confiteri
981 966 1131 1042 debemus,
1145 971 1172 1038 I,
1188 969 1246 1026 616
1254 989 1263 1040 ;

526 1066 566 1137 11,
593 1066 667 1138 5903
688 1066 746 1123 631
771 1077 798 1123 et
811 1085 896 1144 sqq.;
915 1078 1014 1124 utrum
1030 1065 1204 1145 generaliter
1226 1061 1264 1123 ad

524 1179 627 1219 omnes
648 1160 782 1239 praelatos
804 1162 948 1241 pertineat
964 1174 1084 1241 peccata
1103 1162 1263 1234 remittere,

524 1260 565 1329 11,
581 1261 657 1333 6³83
670 1272 857 1338 peccatorum
877 1261 1009 1319 remissio
1026 1260 1156 1320 consistit
1170 1260 1202 1319 in
1219 1260 1266 1318 iu·

523 1356 690 1416 carnatioue
710 1356 815 1437 disinae
837 1359 1009 1437 Sapientiae,
1024 1362 1064 1434 ll,
1083 1364 1263 1438 1600000-

524 1455 977 1530 tumomneestroluntarium,et
986 1477 1023 1516 ex
1031 1456 1125 1516 libero
1132 1457 1264 1536 procedit

522 1548 659 1626 arbitrio,
682 1571 743 1611 non
764 1574 802 1612 ex
827 1553 924 1634 aliqua
947 1554 1054 1614 diviuae
1073 1551 1263 1634 providentiae

522 1650 733 1728 compulsione,
747 1657 787 1729 11,
803 1657 874 1713 165.
906 1681 909 1687 ’

480 1798 604 1856 Paccarr
626 1818 735 1859 nomen
755 1799 889 1880 pluribus
912 1798 1007 1859 modis
1019 1798 1169 1876 Scriptura
1180 1814 1262 1857 sacra

520 1896 640 1976 accipit,
656 1901 697 1975 11,
713 1901 791 1974 2383
808 1900 885 1972 6163
900 1911 1051 1977 peccatum
1063 1896 1181 1976 proprie
1195 1894 1259 1952 dic·

520 2004 582 2052 tum
595 2008 639 2053 est
657 1996 721 2076 ipsa
736 1997 840 2057 animae
853 1997 941 2076 culpa
952 2009 981 2054 et
998 2006 1181 2074 contemptus
1192 1992 1260 2065 Dei,

521 2091 607 2167 ibid,
620 2094 769 2171 quomodo
783 2095 921 2155 differant
934 2095 1038 2153 vitium
1053 2104 1257 2173 etpeccatum,

519 2191 567 2262 11,
583 2194 654 2264 587;
668 2195 738 2265 595;
755 2194 834 2267 seo,
856 2205 974 2273 peccata
994 2191 1172 2271 spiritualia,
1186 2208 1261 2269 pec·

520 2296 585 2344 cata
599 2286 739 2361 carnalia,
755 2291 825 2348 669.

478 2452 632 2510 Psccarmr
646 2453 677 2511 iu
690 2473 782 2534 prava
794 2452 963 2526 voluntate,
977 2470 1037 2511 nou
1052 2449 1084 2509 in
1098 2469 1188 2529 opere
1201 2469 1260 2509 ex·

521 2550 620 2610 teriori
628 2552 767 2626 consistit,
775 2555 800 2623 l,
813 2554 886 2630 117;
897 2555 936 2625 Π,
950 2554 1006 2609 587
1017 2562 1185 2629 ,peccatum
1199 2569 1260 2608 non

519 2660 563 2705 est
584 2648 641 2707 nisi
668 2663 771 2710 contra
790 2649 1016 2722 conscientiam,
1038 2653 1083 2722 11,
1109 2651 1185 2722 6153
1204 2667 1260 2707 uec

518 2743 730 2821 homicidium,
760 2766 814 2806 nec
835 2747 1033 2819 adulterium,
1059 2766 1115 2806 nec
1138 2746 1258 2825 aliquod

518 2857 670 2924 peccatum
685 2845 828 2905 Dominus
841 2845 927 2922 dicit,
943 2845 1000 2906 nisi
1016 2864 1107 2923 quum
1122 2845 1257 2905 11601111-

521 2943 577 3001 cita
597 2944 833 3023 recognoscimus
851 2944 889 3003 ad
907 2963 973 3022 quae
989 2963 1042 3003 uos
1054 2944 1174 3003 inclinat
1185 2964 1258 3003 con·

518 3060 631 3119 sensus,
646 3047 673 3114 1,
689 3045 765 3117 273;
781 3045 856 3118 603,
871 3062 1028 3103 consensus
1040 3040 1114 3122 ipse,
1124 3063 1184 3101 non
1196 3042 1258 3104 sola

517 3141 652 3200 uoluntas
677 3142 725 3200 vel
747 3141 925 3200 desiderium
948 3139 1074 3199 faciendi
1096 3139 1175 3219 quod
1197 3158 1257 3200 uon

516 3239 602 3314 licet,
622 3252 772 3319 peccatum
792 3240 909 3313 dicitur,
928 3242 969 3314 11,
992 3240 1069 3310 599,
1092 3259 1147 3298 cur
1167 3259 1258 3319 opera

515 3337 626 3416 peccati
640 3337 731 3418 magis
743 3359 831 3417 quam
846 3338 942 3418 ipsum
957 3337 1126 3417 puniantur,
1140 3341 1182 3412 ΙΙ,
1199 3340 1257 3398 668

517 3448 547 3495 et
560 3454 624 3512 sqq.
635 3458 645 3509 ς
655 3442 808 3515 peccatum
822 3449 941 3497 excusat
954 3436 1129 3517 ignorantia,
1144 3443 1184 3509 11,
1199 3442 1257 3500 617

517 3546 547 3592 et
559 3552 643 3610 sqq.;
657 3545 756 3592 utrum
767 3536 871 3594 melius
886 3535 948 3592 sita
962 3533 1122 3594 levioribus
1134 3533 1260 3614 peccatis

520 3649 607 3709 quam
639 3651 658 3691 a
690 3631 873 3709 gravioribus
906 3629 1069 3707 abstinere,
1099 3636 1150 3706 ΙΙ,
1182 3634 1259 3709 611;

516 3739 635 3806 peccata
659 3728 757 3787 omnia
784 3727 867 3807 paria
891 3746 954 3787 esse
983 3726 1160 3789 contendere
1181 3727 1261 3788 insa-

522 3842 605 3900 num,
618 3828 659 3899 11,
673 3827 744 3886 682.

473 3989 626 4045 Procerus
646 3985 789 4067 originale
807 3985 956 4064 quomodo
977 3985 1192 4059 definiendum,
1208 3990 1255 4064 lI,

515 4086 594 4160 2383
610 4085 702 4164 magis
720 4083 759 4142 ad
772 4104 888 4163 poeuam
902 4087 1013 4164 peceati
1028 4104 1116 4164 quam
1133 4083 1172 4143 ad
1187 4084 1256 4143 cul·

514 4201 583 4261 pam
599 4181 704 4241 animae
724 4194 753 4241 et
773 4194 971 4264 contemptum
991 4184 1046 4244 Dei
1067 4182 1253 4244 referendum

512 4279 641 4357 videtur,
653 4279 744 4356 ibid„
760 4284 832 4343 592.

472 4428 625 4502 aarum
650 4442 682 4502 in
709 4443 848 4524 spissum
870 4445 1017 4523 sanctum,
1045 4448 1080 4519 1,
1104 4447 1250 4522 257311,

513 4543 572 4601 686
586 4555 615 4602 et
627 4561 692 4622 sqq.

1322 87 1468 156 Pnsorra,
1483 78 1643 142 secuudum
1657 86 1873 162 grammaticos,
1887 85 1998 164 estqui
2011 85 2117 164 loqui-

1361 191 1419 255 tur,
1428 180 1475 238 vel
1490 178 1606 257 dequo,
1619 192 1755 259 tanquam
1768 182 1895 258 diverso,
1906 183 2054 262 loquitur,
2064 188 2113 256 11,

1362 281 1417 353 963
1436 281 1506 338 696.

1320 412 1452 468 huosa
1472 408 1529 469 tres'
1550 411 1582 469 iu
1601 430 1661 470 una
1677 422 1707 471 et
1726 411 1829 471 eadem
1846 411 2008 472 divinitatis
2028 413 2111 473 sub-

1359 508 1474 582 stantia,
1485 513 1525 584 11,
1538 513 1588 583 103
1599 513 1658 569 665
1668 534 1677 584 ;
1687 527 1747 568 606
1756 509 1853 591 plures
1861 512 1924 571 sive
1932 513 2109 591 pauciores,

1360 608 1435 679 696;
1467 626 1657 685 personarum
1690 605 1834 667 distinctio
1867 610 1993 686 qualiter
2029 610 2109 670 deii·

1358 703 1477 778 nienda,
1494 708 1533 778 11,
1547 708 1601 778 123
1613 708 1653 763 95
1667 717 1696 763 et
1709 723 1793 782 sqq.;
1810 726 1940 786 personae
1954 711 2108 768 omnesin

1358 802 1462 863 eodem
1485 815 1696 883 cooperantur,
1720 822 1775 862 uec
1800 817 1895 863 tamen
1919 807 2107 883 operationis

1357 899 1448 959 verba
1459 921 1523 980 quae
1534 901 1585 960 uui
1600 921 1731 980 persouae
1741 916 1918 983 congruunt,
1928 904 2016 963 alteri
2029 924 2108 963 con·

1357 999 1489 1076 veniunt,
1504 1004 1545 1074 II,
1561 1002 1745 1077 518;66616
1759 1001 1955 1080 personalium
1968 1003 2107 1081 proprie-

1357 1108 1448 1156 tatum
1473 1099 1606 1174 nomina,
1622 1101 1797 1175 paternitas,
1819 1102 1934 1175 filiatio,
1956 1108 2105 1177 processio

1357 1191 1396 1255 de
1409 1199 1472 1254 Deo
1489 1196 1640 1275 praedicari
1658 1197 1789 1268 valeant,
1805 1201 1853 1272 Il,
1870 1201 1945 1269 5l83
1969 1218 2032 1257 una
2050 1219 2101 1258 so-

1357 1290 1507 1352 lummodo
1524 1293 1554 1351 in
1566 1293 1680 1353 Christo
1690 1313 1825 1374 persona,
1835 1299 1861 1369 1,
1874 1298 1948 1368 6103
1965 1300 2004 1370 ll,
2027 1300 2099 1355 571.

1316 1420 1427 1476 Parrus
1439 1430 1481 1477 est
1491 1418 1712 1477 fundamentum
1725 1419 1865 1495 ecclesiae,
1880 1424 1907 1493 1,
1916 1423 1993 1493 5043
2007 1434 2098 1480 caete·

1357 1532 1457 1573 rorum
1471 1516 1684 1576 firmamentum
1700 1529 1728 1575 et
1740 1516 1939 1591 confirmatio,
1954 1521 2033 1591 5053
2050 1539 2099 1577 se-

1357 1612 1409 1672 des
1423 1614 1485 1687 ejus
1497 1614 1573 1673 inter
1584 1615 1736 1674 universas
1751 1616 1891 1675 Ecclesias
1901 1616 2098 1696 principatum

1356 1712 1482 1790 accepit,
1505 1711 1594 1784 ibid.;
1623 1725 1681 1771 tam
1706 1713 1879 1773 sacerdotali
1904 1733 1993 1792 quam
2015 1717 2099 1796 regia

1355 1812 1506 1888 praeminet
1515 1812 1666 1893 dignitate,
1677 1818 1734 1873 567
1745 1838 1754 1889 ;
1766 1814 1821 1873 soli
1834 1819 1922 1874 Petro
1933 1814 2033 1875 claves
2041 1836 2100 1875 oue-

1354 1908 1452 1969 lorum
1463 1909 1548 1985 datae,
1566 1913 1638 1971 ibid·

1315 2040 1424 2096 rmus
1440 2037 1622 2098 Lombardus
1637 2042 1790 2118 Theologia
1809 2039 1955 2101 Abaelardi
1973 2063 2045 2102 usus
2066 2043 2098 2102 in

1355 2136 1566 2214 compositione
1581 2142 1802 2214 anteactarum,
1819 2143 1845 2210 1,
1862 2144 1911 2199 52.

1313 2263 1424 2319 Parrus
1437 2261 1599 2336 haereticus,
1610 2265 1650 2334 11,
1662 2265 1711 2322 86.

1312 2388 1405 2443 Pareo
1420 2374 1545 2458 judaeus.
1560 2371 1768 2445 Testimonium
1781 2390 1912 2445 Historia
1926 2387 2095 2462 impartite

1355 2481 1392 2541 de
1408 2501 1455 2556 eo,
1474 2483 1500 2557 l,
1518 2484 1588 2541 129.

1311 2619 1485 2703 Pmosorm
1497 2615 1658 2675 rationibus
1667 2614 1818 2675 veritatem
1827 2614 2013 2695 investigant,
2023 2627 2054 2675 ct
2065 2616 2094 2675 in

1353 2713 1488 2789 omuibus
1501 2732 1562 2772 non
1577 2714 1745 2794 opinionem
1759 2713 1922 2785 hominum,
1939 2714 1991 2773 sed
2004 2714 2095 2773 ratio-

1351 2830 1419 2871 nem
1433 2824 1606 2890 sequuntur,
1621 2815 1661 2887 11,
1673 2815 1752 2886 666;
1770 2814 1842 2872 671.

1310 2948 1486 3004 Pmnosorar
1505 2945 1635 3005 Gentiles
1651 2964 1688 3004 ex
1703 2943 1871 3004 laudatius
1891 2942 1989 3023 mtius
2003 2962 2091 3020 quam

1351 3042 1479 3103 scientiae
1488 3041 1688 3117 sicnominati,
1703 3046 1729 3116 1,
1747 3046 1801 3116 ¹²¹3
1816 3054 1932 3121 quantae
1943 3039 2091 3100 continen·

1351 3141 1398 3201 tiae
1421 3143 1468 3202 vel
1495 3141 1674 3201 abstineutiae
1692 3141 1813 3214 fuerint,
1834 3140 1927 3216 ibid„
1951 3142 2029 3213 5763
2049 3142 2089 3211 11,

1351 3241 1408 3313 29;
1426 3242 1500 3313 3795
1514 3242 1800 3318 61601000.;66616
1812 3251 1923 3298 tanmm
1933 3242 2029 3297 Deum
2041 3256 2091 3294 co-

1350 3348 1526 3415 gnoverunt,
1541 3339 1582 3408 11,
1596 3339 1741 3411 19;3·16;
1758 3336 1817 3394 imo
1830 3336 1867 3394 ad
1877 3334 1969 3413 ipsius
1983 3335 2089 3393 dirinae

1350 3433 1497 3495 Trinitatis
1509 3433 1706 3515 cognitionem
1714 3431 1965 3505 conscenderunt,
1979 3432 2049 3490 ibid.
2060 3444 2089 3491 et

1352 3551 1434 3611 sqq,
1452 3535 1525 3605 1723
1537 3552 1602 3590 cum
1611 3531 1720 3611 populo
1733 3533 1908 3591 exteriorem
1919 3529 2089 3608 religionem

1351 3632 1466 3711 templis
1479 3630 1645 3705 exibebant,
1659 3628 1794 3711 privatim
1809 3642 1917 3688 sectam
1931 3628 2000 3687 fidei
2013 3647 2089 3686 con·

1352 3728 1470 3787 uariam
1477 3728 1698 3809 profitebantur,
1710 3730 1765 3800 333
1776 3725 1855 3805 apud
1872 3728 1990 3785 (imos
2003 3724 2089 3783 unius

1350 3826 1407 3886 Dei
1426 3828 1497 3887 fides
1515 3847 1569 3907 per
1584 3825 1774 3906 philosophos
1791 3824 1930 3898 innotuit,
1954 3826 2089 3895 1693112

1350 3907 1713 4002 luridibusplailosopltorum
1722 3922 1793 3982 Vide
1803 3924 1914 3981 Intmd.
1925 3924 1968 3978 ad
1977 3924 2090 3979 Theolo-

1347 4029 1426 4101 gr'am
1439 4021 1602 4098 Lib.11,et
1619 4025 1748 4099 Theolog.
1763 4022 1866 4100 Christ.
1877 4019 1942 4078 Lib.
1957 4023 2001 4094 113
2021 4016 2089 4096 phi-

1348 4118 1535 4198 losophorum
1550 4119 1682 4179 doctrina
1692 4119 1781 4179 sacris
1794 4117 1899 4177 litteris
1913 4116 2087 4190 necemuia,

1347 4220 1388 4288 11,
1402 4218 1471 4277 660.

1306 4351 1549 4408 anosoauoaurr
1559 4345 1733 4419 testimonia,
1744 4365 1804 4405 non
1812 4364 1849 4406 ex
1861 4365 1964 4405 eorum
1973 4341 2089 4420 scriptis

1345 4464 1471 4525 quorum
1484 4465 1578 4526 pauca
1590 4446 1684 4520 novit,
1699 4444 1759 4503 imo
1772 4463 1810 4504 ex
1823 4442 1906 4502 libris
1918 4454 2087 4503 sauctorum

1343 4548 1461 4604 Petrum
1483 4543 1600 4626 collegit
1631 4541 1822 4621 abaelardus,
1855 4546 1900 4618 ll,
1931 4543 1987 4614 66;
2007 4540 2084 4613 605;
