4559 6100
1035 742 1434 880 epistota

801 1043 876 1133 an
912 1042 1234 1134 urrseorou
1268 1037 1662 1132 ratistensem.

479 1346 518 1407 ln
529 1341 672 1432 Epistola
681 1344 827 1432 sequenti
837 1343 1026 1409 Abaelardus
1037 1343 1244 1409 Rosoelinum
1257 1345 1370 1433 carpit,
1384 1342 1579 1433 apertissime
1592 1341 1794 1422 denotatum,
1807 1336 1885 1401 dum
1900 1335 2036 1401 invidio-

435 1442 498 1505 sius
519 1441 642 1505 mentio
662 1440 800 1526 injicitur
816 1440 857 1506 de
874 1440 1039 1507 dialectica
1054 1440 1137 1506 illius
1155 1442 1314 1522 doctrina,
1335 1440 1376 1506 de
1392 1441 1553 1506 erroribus·
1568 1438 1710 1525 ejusdem
1726 1435 1925 1545 theologicis,
1943 1449 1976 1498 et
1994 1433 2034 1499 de

436 1536 642 1602 damnatione
659 1538 692 1602 in
708 1537 845 1604 concilio
861 1538 1090 1605 suessionensi.
1105 1539 1214 1621 Quum
1225 1561 1304 1604 vero
1318 1554 1351 1604 et
1366 1539 1501 1629 scriptor
1513 1536 1617 1627 operis
1628 1552 1661 1602 et
1672 1534 1856 1600 Parisiensis
1870 1554 2035 1622 episcopus

436 1635 476 1700 ad
494 1618 591 1724 lpuem
605 1635 724 1701 directa
740 1652 788 1702 est
803 1636 957 1727 Epistola,
974 1652 1101 1703 tantum
1115 1636 1228 1704 litteris
1250 1637 1277 1701 P
1294 1653 1327 1703 et
1344 1640 1370 1701 C
1389 1638 1423 1701 in
1438 1637 1582 1726 pluribus
1597 1634 1762 1700 codicibus
1777 1631 1932 1722 designati
1953 1631 2033 1710 sint,

437 1733 577 1797 dubitari
590 1750 697 1822 potest
712 1757 753 1800 an
765 1734 911 1801 Andreas
922 1735 1143 1818 Quercetanus
1158 1736 1272 1802 men'to
1283 1736 1371 1802 illam
1386 1734 1559 1800 Abeelardo
1571 1734 1728 1799 tribuerit.
1740 1731 1867 1796 Etenim
1878 1752 1946 1794 non
1962 1746 2035 1841 ante

437 1854 559 1896 annum
573 1832 697 1898 circiter
718 1841 802 1899 1120
819 1833 905 1899 edita
917 1848 966 1898 est
978 1835 1180 1900 Introductio
1195 1835 1393 1924 Ebeologiae,
1411 1858 1483 1924 quae
1497 1834 1573 1899 huic
1588 1830 1826 1921 disceptationi,
1843 1829 1870 1893 si
1885 1850 1947 1917 qua
1964 1827 2035 1939 luit,

437 1927 573 2018 praebuit
589 1931 810 2011 occasionem,
828 1930 1015 1997 Roscelinus
1027 1956 1123 2014 vero,
1140 1950 1177 1998 ut
1192 1932 1351 2024 plerisque
1366 1932 1488 2023 placet,
1507 1954 1573 1996 non
1596 1931 1678 1995 ultra
1701 1951 1822 1994 annum
1841 1933 1924 1992 1108
1943 1942 2035 2039 sumt.

438 2025 495 2091 His
512 2025 644 2116 quidem
659 2027 781 2093 inducti
796 2044 871 2094 sunt
886 2032 1079 2120 argumentis
1095 2031 1234 2113 Bulaeus,
1248 2031 1423 2111 Mabillon,
1437 2030 1533 2121 Pa‘gi,
1545 2027 1668 2094 Dubois
1683 2027 1842 2114 etiamque
1857 2026 1899 2090 D.
1912 2022 2035 2136 Rrret¹,

439 2140 474 2186 ut
491 2125 575 2189 hanc
589 2125 774 2215 epistolam,
790 2127 943 2216 anonymi
958 2128 1124 2213 cujusdam
1143 2128 1286 2220 theologi
1301 2152 1397 2218 opus,
1415 2129 1610 2214 conjicerent
1624 2126 1772 2216 scriptam
1788 2125 1898 2204 fuisse,
1915 2124 2039 2189 circiter

440 2242 561 2285 annum
580 2230 677 2303 1097,
696 2223 739 2288 ad
754 2224 965 2291 Wilhelmum
981 2228 1035 2315 qui
1050 2242 1128 2292 tune
1142 2228 1335 2293 Parisiacam
1353 2226 1463 2293 sedem
1480 2227 1646 2317 episcopus
1667 2222 1846 2290 obtinebat.
1869 2222 2037 2301 Attamen,

439 2319 583 2406 quamvis
599 2343 716 2410 magna
738 2323 779 2387 sit
793 2323 828 2386 in
844 2322 961 2388 talibus
975 2325 1050 2389 viris
1071 2326 1254 2408 auctoritas,
1272 2324 1411 2390 Andreae
1428 2324 1620 2408 Quercetani
1642 2321 1800 2388 sententia
1819 2319 1913 2385 nobis
1934 2320 2041 2409 potior

439 2415 577 2481 videtur.
601 2418 807 2485 Roscelinnm
829 2420 914 2485 enim
937 2437 1011 2486 ante
1031 2445 1153 2488 annum
1170 2431 1254 2489 1108
1276 2422 1392 2489 obiisse
1414 2447 1483 2487 non
1505 2436 1649 2502 constat;
1670 2434 1774 2510 potest
1796 2435 1903 2483 autem
1923 2416 2040 2481 diutius

440 2514 552 2580 vixisse
569 2538 667 2602 quam
682 2516 894 2602 arbitrantur,
912 2535 944 2584 et
965 2534 1057 2586 aetate
1075 2522 1144 2607 jam
1159 2537 1328 2612 vergente,
1344 2544 1385 2587 ex
1400 2545 1441 2587 eo
1458 2544 1555 2610 quem
1573 2519 1633 2584 sibi
1653 2518 1797 2608 elegisset
1811 2538 1955 2626 recessu,
1973 2515 2040 2626 pri-

440 2634 511 2676 mus
528 2609 729 2680 denuntiasse
751 2614 944 2705 periculosas
959 2615 1123 2682 Abaelardi
1138 2619 1314 2702 novitates3
1331 2618 1422 2685 illum
1436 2641 1514 2684 vero
1529 2614 1679 2706 suspicari
1701 2616 1775 2680 licet
1796 2615 1966 2704 improvisa
1982 2627 2040 2677 ista

441 2710 643 2797 aggressione
660 2728 889 2800 provocatum,
906 2714 1096 2797 Roscellini,
1120 2715 1164 2780 ad
1186 2717 1320 2783 meliora
1341 2717 1486 2799 reducis,
1509 2716 1631 2806 priseos
1653 2736 1776 2780 errores
1798 2714 1831 2777 in
1852 2711 2041 2777 memoriam

441 2805 610 2871 hominum
623 2830 809 2892 revocasse;
823 2832 927 2899 neque
945 2812 987 2879 ab
1003 2810 1058 2877 illa
1072 2814 1198 2880 ratione
1212 2815 1356 2905 proprias
1371 2815 1540 2905 opiniones
1555 2812 1667 2878 tuendi
1683 2808 1901 2903 oppugnando
1925 2809 2041 2875 alienas

442 2902 595 2968 abhorret
618 2903 824 2988 Abaelardus,
850 2910 900 2972 vir
926 2931 992 2973 non
1020 2909 1065 2974 ita
1094 2927 1291 2978 mansuetus.
1317 2912 1494 2994 Praeterea,
1522 2910 1610 3000 quod
1637 2909 1886 2975 controversiam
1913 2930 2042 2973 omnem

443 2998 582 3084 dirimit,
599 3001 741 3092 Epistola
765 3004 808 3070 ad
832 3006 1025 3098 Episcopum
1044 3007 1087 3074 G.
1108 3030 1231 3074 nomen
1254 3007 1353 3075 habet
1375 3007 1538 3075 Abaelardi
1557 3008 1592 3073 in
1612 3006 1731 3074 Codice
1750 3006 1919 3072 Parisiensi
1935 3008 2039 3084 2923,

442 3097 476 3160 in
497 3120 562 3187 quo
584 3099 628 3164 sic
646 3100 832 3192 inscriptum
851 3120 898 3168 est
921 3126 930 3170 t
956 3135 969 3162 ι
989 3106 1081 3169 Petri
1100 3105 1270 3170 Abaelnrdr'
1290 3107 1455 3195 Epistola.
1479 3106 1521 3171 G.
1543 3107 1607 3170 Det
1625 3112 1739 3195 gratia
1761 3103 1940 3168 Portsincae
1957 3104 2042 3168 tedis

442 3204 590 3285 episeopo
619 3221 745 3288 unoque
768 3200 945 3266 venerando
967 3206 1037 3291 qur
1059 3190 1216 3267 Ecclesia
1243 3203 1331 3269 clero
1361 3206 1399 3270 P.
1423 3204 1536 3270 debite
1562 3210 1744 3269 reverentie
1767 3201 2003 3291 subjectionem.
2026 3234 2038 3257 ι

443 3293 571 3360 Nomen
589 3309 697 3362 autem
712 3298 873 3387 scriptoris
888 3298 945 3363 ubi
960 3300 1125 3390 cognitum
1140 3316 1205 3385 est,
1223 3301 1363 3368 necdum
1379 3304 1499 3394 ambigi
1518 3317 1623 3393 potest
1639 3301 1680 3366 de
1697 3301 1828 3365 nomine
1844 3300 1985 3389 episcopi
2001 3298 2042 3363 ad

443 3414 539 3480 quem
555 3408 676 3483 spectat
692 3396 841 3486 epistola,
859 3396 995 3464 Gilberti
1010 3397 1128 3464 scilicet
1146 3400 1201 3489 qui
1221 3399 1305 3466 sedis
1320 3401 1486 3467 Parisiacae
1506 3401 1673 3492 episcopus
1689 3415 1773 3483 erat,
1790 3421 1888 3488 quum
1905 3397 2041 3488 primum

443 3488 606 3559 Abaenrdi
622 3516 703 3584 opus
718 3493 936 3587 theologicum
950 3497 985 3562 in
1000 3496 1106 3564 lucem
1122 3497 1245 3564 editum
1261 3514 1320 3564 est.

1082 3861 1405 3968 EPISTOLA

857 4081 941 4130 mm
961 4082 1111 4133 tussttttbt
1132 4086 1172 4133 tn
1191 4088 1221 4134 (l.
1244 4087 1435 4137 Pttttsttttsnt
1457 4087 1631 4138 luseum.

489 4234 523 4288 G,
542 4234 598 4289 Det
615 4239 712 4309 gratia
725 4236 880 4293 Parisiacoe
903 4239 980 4294 sedis
996 4244 1137 4316 episcopo,
1156 4261 1267 4317 unaque
1291 4242 1444 4300 venerabili
1463 4245 1588 4317 ejusdem
1605 4246 1737 4302 Ecclesia
1756 4244 1835 4301 Claro
1852 4244 1889 4300 P.
1908 4239 2007 4298 debite

947 4334 1107 4385 reverentie·
1118 4327 1316 4405 subjectionem
1332 4339 1542 4411 sempiternam.

499 4537 660 4612 Relatum
687 4556 741 4613 est
766 4543 871 4618 uobis
892 4570 914 4619 a
939 4548 1157 4647 quibusdam
1179 4552 1439 4655 discipulorum
1464 4573 1672 4632 nostrorum
1692 4551 2043 4652 supervenientibus,

449 4657 550 4756 quod
568 4656 697 4732 elatus²
713 4660 772 4732 ille
784 4671 819 4733 et
834 4685 976 4761 semper
992 4664 1136 4739 inflatus
1153 4669 1345 4743 Catholicae
1363 4670 1448 4743 fidei
1464 4672 1578 4746 bostis
1593 4674 1774 4771 antiquus,
1788 4672 1889 4769 cujus
1905 4672 2045 4745 haeresis

450 4777 669 4853 detestabilis
686 4793 758 4854 tres
775 4784 872 4853 Deos
882 4780 1060 4878 confiteri,
1076 4786 1151 4860 imo
1163 4801 1198 4862 et
1208 4790 1401 4888 praedicare
1415 4792 1662 4867 Suessionensi
1675 4791 1837 4867 Concilio
1849 4819 1870 4865 a
1883 4791 2045 4867 Patribus

482 5031 614 5082 'Histoire
633 5030 757 5083 ttutratrr
774 5033 804 5085 dt
822 5033 849 5086 lo
867 5035 976 5097 Fronte,
998 5044 1016 5089 t.
1034 5036 1097 5100 vm,
1116 5053 1142 5102 p.
1157 5041 1216 5100 101,
1229 5049 1253 5092 et
1266 5048 1283 5092 t.
1296 5041 1384 5106 xltp
1409 5047 1460 5096 111.
1475 5043 1582 5096 -²Stc.
1607 5045 1666 5097 Coe
1685 5044 1839 5109 Parlslensts,
1857 5049 1926 5098 2913.
1948 5044 2048 5095 tunm

452 5111 534 5171 tub..
546 5113 588 5175 qut
600 5114 642 5162 dat
656 5114 681 5163 ln
696 5116 803 5176 margine
817 5116 928 5168 Erectus.
