4559 6100
656 616 702 689 lN
726 616 973 691 aristoteli
998 615 1058 689 Aa
1083 615 1310 690 Romanos.
1713 621 1779 696 261

189 766 356 870 proximo
387 762 719 865 comprehendatur
742 768 858 858 Deus,
887 764 1168 838 et'dilectionem
1183 765 1342 863 :quoque
1370 765 1437 837 Dei
1459 763 1604 837 dilectio
1627 767 1789 844 includat

188 885 355 990 proximi.
376 884 521 983 Quippe
537 908 622 956 cum
638 882 783 977 dicitur,
805 882 962 981 «diliges
979 885 1185 983 proximum
1202 897 1328 975 tuum,
1345 912 1363 953 a
1381 897 1489 982 atque
1505 883 1648 957 additur
1667 914 1685 955 u
1696 888 1788 961 sicut
1827 933 1835 946 κ

188 1008 356 1106 teipsum,
375 1032 393 1072 u
411 1002 601 1101 quomodo
618 1003 768 1102 implere
790 1002 829 1075 id
845 1027 1046 1103 possemus,
1064 1004 1134 1076 nisi
1160 1019 1196 1077 et
1216 1025 1283 1075 nos
1304 1003 1401 1102 ipsos
1416 1002 1670 1100 diligeremus?
1687 1008 1788 1093 Quo·

187 1127 299 1200 modo
328 1139 451 1198 autem
471 1123 618 1220 diligere
643 1124 702 1196 vel
727 1123 914 1223 nosipsos
941 1148 1147 1224 possumus,
1175 1124 1206 1196 si
1229 1121 1399 1196 mandata
1423 1123 1490 1195 Dei
1516 1138 1788 1199 contemnentes

187 1248 310 1344 inique
326 1242 497 1342 agamus?
516 1242 587 1331 Qui
602 1243 699 1315 enim
716 1241 831 1338 diligit
847 1243 1095 1340 iniquitatem,
1107 1243 1186 1316 odit
1202 1245 1360 1317 animam
1375 1267 1489 1316 suam.

236 1395 256 1431 a
268 1363 366 1452 Quid
378 1387 465 1460 ergo
479 1361 664 1434 dicemus?
682 1361 740 1433 lex
755 1377 947 1461 peccatum
959 1365 1034 1436 est?
1046 1392 1064 1432 r>
1081 1362 1326 1437 Continuatio.
1348 1362 1430 1434 Dixi
1455 1361 1639 1461 passiones
1659 1387 1790 1462 pecca·

189 1501 309 1559 torum
324 1508 391 1582 per
402 1482 518 1579 legem
531 1480 619 1554 olim
639 1483 795 1582 operari,
813 1496 853 1554 ut
871 1484 956 1556 utile
972 1485 1081 1557 etiam
1099 1483 1206 1556 nobis
1229 1497 1321 1556 esset
1339 1506 1362 1555 a
1383 1482 1461 1580 lege
1483 1481 1622 1555 absolvi
1644 1484 1746 1581 quasi
1767 1509 1789 1558 a

187 1616 348 1705 peccato.
365 1600 462 1689 Quid
480 1626 565 1699 ergo
587 1599 762 1694 dicemus,
778 1600 819 1674 id
833 1616 889 1674 est
902 1602 991 1700 quid
1012 1602 1059 1676 de
1080 1603 1159 1701 lege
1175 1601 1404 1676 sentiendum
1426 1614 1491 1691 est,
1520 1624 1630 1699 quam
1651 1599 1790 1677 bonam

187 1721 426 1823 putabamus?
443 1719 610 1819 nunquid
620 1721 696 1818 jam
709 1721 786 1819 ipsa
799 1745 876 1793 non
895 1721 1038 1795 videtur
1053 1724 1171 1822 potius
1180 1723 1275 1795 mala
1287 1720 1442 1794 dicenda
1454 1744 1530 1792 esse
1542 1744 1654 1818 quam
1666 1720 1789 1796 bonai

186 1844 230 1918 llt
246 1841 319 1914 hoc
335 1856 389 1913 est
405 1839 505 1939 quod
522 1840 624 1937 quasi
635 1838 780 1912 sibimet
795 1838 1000 1937 objiciendo
1017 1843 1091 1914 ait:
1113 1870 1131 1911 a
1145 1840 1320 1940 Nunquid
1335 1840 1393 1913 lex
1416 1853 1604 1939 peccatum
1621 1855 1687 1935 est,
1707 1869 1725 1910 »
1752 1842 1792 1915 id

186 1976 239 2035 est
263 1960 312 2033 ad
333 1959 613 2033 damnationem
631 1959 751 2059 potius
767 1984 877 2057 quam
892 1959 1106 2035 adsalutem
1130 1959 1353 2061 pertrahens,
1383 1973 1424 2032 ut
1446 1957 1612 2033 videlicet
1636 1958 1790 2034 damna-

187 2082 323 2154 tionem
336 2081 459 2179 potins
476 2103 587 2177 quam
604 2078 757 2153 salutem
769 2079 877 2153 nobis
893 2096 1156 2179 promereatur,
1171 2095 1207 2154 et
1223 2077 1455 2153 solummodo
1472 2103 1619 2172 nocere,
1640 2104 1715 2153 non
1729 2082 1789 2178 ju·

187 2223 272 2273 vare
287 2213 411 2298 queat,
424 2213 459 2271 et
473 2201 512 2271 in
528 2223 567 2272 se
582 2197 673 2271 nihil
685 2198 777 2272 boni
788 2198 923 2273 habeat
939 2202 1051 2299 magis
1062 2226 1174 2301 quam
1192 2199 1411 2302 peccatum?
1439 2228 1458 2268 u
1479 2198 1592 2293 absit,
1611 2227 1630 2268 >r
1654 2216 1696 2273 ut
1716 2200 1789 2274 hoc

185 2317 353 2394 videlicet
368 2316 572 2391 credamus.
588 2349 606 2386 α
618 2319 689 2393 Sed
705 2334 939 2419 peccatum.»
956 2320 998 2393 ld
1012 2336 1079 2414 est,
1097 2322 1213 2394 immo
1229 2321 1350 2421 potius
1362 2334 1510 2419 peccato
1525 2319 1705 2392 contraria
1721 2334 1787 2411 est,

183 2440 307 2537 ipsum
321 2439 463 2537 penitus
478 2437 648 2511 docendo
665 2452 702 2511 et
717 2437 948 2539 prohibendo
966 2455 1008 2513 ut
1022 2455 1203 2532 caveatur,
1219 2441 1269 2513 ita
1286 2453 1325 2511 ut
1342 2463 1418 2512 non
1434 2437 1666 2512 solummodo
1681 2438 1786 2529 sacta,

184 2581 315 2630 verum
339 2557 446 2629 etiam
467 2559 777 2656 concupiscentias
800 2557 973 2651 inhibeat,
994 2559 1087 2632 sicut
1100 2573 1136 2631 et
1152 2558 1386 2655 Evangelium
1407 2584 1416 2629 ε
1438 2557 1503 2630 sed
1524 2557 1632 2653 longe
1654 2558 1788 2650 minus,

184 2702 271 2751 cum
282 2680 359 2777 ipsa
375 2677 541 2752 videlicet
553 2677 601 2751 ad
616 2701 659 2751 ea
675 2692 817 2753 tanturn
828 2703 908 2777 quae
923 2678 1079 2777 proximi
1096 2692 1192 2770 sunt,
1206 2702 1265 2751 eas
1282 2678 1484 2776 restringat,
1501 2676 1624 2749 dicens
1643 2702 1652 2748 ε
1676 2704 1694 2746 a
1708 2681 1789 2749 Non

183 2797 419 2897 concupisces
434 2822 513 2870 rem
530 2798 686 2898 proximi
700 2799 768 2890 tui,
785 2823 854 2872 nec
871 2797 1092 2872 desiderabis
1105 2822 1185 2897 quae
1197 2797 1292 2870 illins
1303 2809 1400 2870 sunt.
1418 2826 1437 2867 >r
1455 2801 1575 2886 Quare
1592 2809 1713 2870 autem
1729 2821 1791 2869 ne·

183 2940 284 2990 cesse
300 2931 392 2990 esset
415 2931 605 3017 peccmum
627 2916 752 2991 doceri
768 2918 882 3014 alege
899 2917 1147 3018 pretermittit,
1169 2916 1294 2991 dicens
1321 2917 1408 3014 quia
1425 2930 1509 2990 ante
1530 2915 1791 2988 documentum

182 3035 286 3134 legis,
305 3037 341 3109 in
356 3062 430 3136 quo
445 3036 625 3136 praecipue
637 3035 868 3136 peccabatur,
887 3036 1121 3135 ignorabatur
1140 3064 1150 3108 t
1177 3037 1217 3110 in
1241 3034 1352 3110 corde
1369 3035 1535 3109 videlicet
1551 3036 1663 3135 magis
1681 3060 1791 3134 quam

182 3158 223 3230 in
243 3181 366 3256 opere.
398 3161 442 3230 Et
457 3156 530 3230 boc
546 3171 600 3229 est
619 3156 721 3255 quod
748 3157 795 3231 de
815 3182 854 3230 se
879 3156 967 3231 dicit
984 3159 1023 3231 in
1047 3180 1206 3258 persona
1225 3157 1382 3254 generali
1405 3155 1610 3249 hominurn,
1634 3177 1791 3254 quorum

177 3276 260 3374 jam
284 3302 350 3376 per
371 3277 691 3375 transgressionem
714 3277 878 3378 priorum
896 3291 1090 3376 parentum
1111 3274 1347 3348 obtenebrata
1368 3299 1471 3346 mens
1486 3290 1564 3347 erat
1574 3280 1596 3367 ¹,
1615 3290 1655 3347 ut
1670 3276 1791 3374 potius

180 3419 301 3495 opera
316 3419 426 3494 quam
442 3395 620 3470 desideria
633 3395 835 3495 culparent,
852 3424 870 3462 α
885 3408 1073 3494 peccatum
1091 3418 1168 3466 non
1186 3394 1354 3489 cognovi,
1369 3421 1388 3462 u
1404 3392 1521 3485 idest,
1536 3393 1790 3467 discretionem

178 3515 231 3588 ad
246 3540 371 3588 veram
385 3516 553 3589 notitiam
565 3516 705 3616 peccati
721 3540 797 3588 non
809 3514 935 3605 habui,
949 3514 1018 3586 nisi
1032 3538 1097 3613 per
1108 3512 1372 3587 documentum
1388 3512 1496 3610 legis3
1511 3514 1597 3611 quia
1608 3512 1648 3585 id
1660 3514 1698 3585 in
1715 3537 1789 3612 quo

177 3635 441 3709 tantummodo
456 3634 624 3709 videlicet
637 3634 693 3708 vel
706 3636 861 3709 maxime
877 3649 1059 3734 peccatur,
1089 3634 1127 3706 id
1156 3648 1221 3726 est,
1248 3634 1577 3733 concupiscentiam
1600 3647 1790 3732 peccatum

175 3779 264 3828 esse
281 3754 505 3853 ignorabam.
537 3760 581 3826 Et
596 3754 669 3831 hoc
687 3768 740 3828 est
755 3754 857 3853 quod
872 3754 1059 3854 supponit,
1084 3783 1102 3821 α
1124 3757 1215 3826 Nam
1239 3753 1589 3853 concupiscentiam,
1609 3780 1628 3823 u
1655 3752 1695 3825 id
1719 3767 1787 3844 est,

172 3899 342 3975 pravum
360 3876 473 3948 animi
485 3874 720 3969 desiderium,
738 3874 777 3946 in
792 3872 993 3948 ambitione
1018 3871 1153 3946 scilicet
1174 3885 1399 3946 terrenarum
1420 3872 1478 3947 vel
1500 3871 1699 3945 carnalium
1724 3896 1790 3944 vo·

167 3995 366 4095 luptatum
385 3993 591 4068 nesciebam
609 4019 698 4089 esse,
721 3992 887 4068 videlicet
911 3992 1013 4094 quod
1037 3994 1115 4093 ipsa
1139 4007 1231 4065 esset
1256 4008 1458 4094 peccatum,
1482 3993 1551 4065 nisi
1573 3992 1630 4066 lex
1653 3991 1692 4064 id
1715 3991 1791 4064 do-

167 4114 308 4188 cendo
324 4112 486 4187 diceret:
511 4143 530 4183 «
543 4119 625 4187 Non
639 4116 887 4215 concupisces,
903 4141 921 4182 »
940 4113 979 4185 id
999 4126 1066 4204 est,
1093 4137 1170 4185 nou
1193 4112 1421 4187 interdiceret
1444 4113 1786 4213 concupiscentiam,

165 4232 269 4308 licet
287 4258 364 4306 non
379 4234 605 4330 generaliter,
622 4234 686 4307 sed
700 4235 746 4308 de
759 4233 880 4329 rebus,
899 4248 940 4306 ut
953 4233 1093 4306 dictum
1106 4247 1173 4324 est,
1192 4234 1361 4332 proximi.
1380 4237 1472 4306 Nota
1490 4232 1687 4331 quodcum
1702 4232 1791 4305 dici·

164 4367 235 4427 tur
253 4380 266 4425 ε
293 4381 312 4423 u
325 4356 405 4424 Non
419 4355 665 4453 concupisces,
680 4384 699 4425 n
720 4355 828 4428 simul
844 4370 880 4427 et
897 4354 1052 4428 docetur
1067 4368 1271 4454 peccatum,
1295 4369 1331 4426 et
1351 4353 1564 4454 prohibetur
1582 4366 1623 4425 ut
1645 4354 1787 4425 vitetur.

161 4472 294 4546 Unde
311 4469 428 4568 legem
444 4474 586 4571 penitus
598 4472 735 4548 bonam
749 4498 826 4549 esse
835 4474 1032 4569 convincit,
1047 4475 1132 4572 quia
1149 4473 1329 4572 quidquid
1345 4499 1452 4546 suurn
1469 4487 1522 4546 est
1537 4472 1692 4563 bonum,
1716 4473 1791 4545 sive

155 4592 200 4664 in
218 4591 409 4665 docendo
426 4593 559 4667 scilieet
574 4594 648 4669 sive
668 4595 705 4666 in
722 4594 965 4695 probibendo,
984 4619 1053 4667 nec
1071 4594 1160 4667 vitio
1182 4594 1281 4692 legis,
1301 4593 1367 4667 sed
1383 4594 1575 4667 hominum
1598 4609 1651 4667 est
1669 4597 1790 4691 impu·

153 4711 354 4806 tandum,
372 4712 401 4782 si
417 4727 605 4810 peccatum
619 4730 703 4814 post
713 4715 829 4813 legem
843 4713 1054 4805 abundavit,
1073 4728 1110 4787 et
1126 4712 1323 4788 deteriores
1341 4728 1377 4789 et
1400 4714 1716 4788 inexcusabiliores
1740 4712 1791 4784 ef·

149 4831 255 4905 meti
278 4855 412 4904 sumus
427 4848 509 4929 post
525 4833 728 4908 doctrinam
754 4850 1017 4935 preceptorum
1039 4849 1075 4907 et
1096 4833 1350 4933 negligentiam
1373 4857 1514 4925 eorum,
1541 4860 1648 4935 quam
1675 4847 1786 4906 arata:

143 4949 389 5027 secundum
405 4952 507 5051 quod
522 4955 696 5055 scriptum
712 4970 764 5029 est
778 4959 790 4994 ²
807 4983 816 5028 ε
841 4958 1003 5029 «Servus
1022 4956 1151 5048 sciens,
1178 4969 1214 5030 et
1229 4981 1304 5029 nou
1327 4956 1461 5030 faciens
1480 4957 1699 5029 voluntatem
1716 4957 1791 5023 Do·

173 5228 184 5259 ¹
203 5226 323 5277 Locus
334 5225 370 5277 stc
380 5227 546 5280 restituendus
557 5229 663 5281 ridetur.
672 5227 734 5281 lale
744 5230 803 5293 tem
813 5231 959 5283 amboestus
970 5230 1131 5283 obtenebrata
1144 5238 1202 5282 tunc
1214 5237 1314 5282 erot-
1325 5231 1334 5260 ¹
1345 5229 1416 5292 Luc„
1428 5243 1483 5294 cap.
1503 5242 1547 5293 ιιι,
1558 5242 1582 5282 r.
1594 5231 1634 5281 tn.
