4559 6100
711 631 756 702 ΙΝ
782 628 1029 700 Eristotttt
1054 627 1113 699 At)
1140 628 1362 702 ROMANOS.
1761 631 1833 704 275

237 791 322 848 tres.
343 773 684 871 »Quandoquidem
710 778 771 873 qui
800 777 835 847 in
854 801 962 848 carne
984 791 1068 849 sunt
1085 780 1162 847 Deo
1185 775 1327 874 placere
1351 800 1427 848 uon
1453 793 1617 877 possunt,
1643 804 1731 874 ergo
1757 804 1832 853 non

239 919 363 966 sumus
387 893 569 966 debitores
593 896 705 985 carni,
724 895 761 967 id
784 909 838 966 est
854 894 1038 967 desideriis
1053 893 1257 967 carnalibus
1274 894 1422 967 obedire
1443 921 1519 968 non
1541 897 1727 990 debemus,
1751 900 1833 993 quis

239 1013 328 1085 nihil
339 1015 511 1109 cuiquam
532 1030 659 1087 contra
676 1020 792 1087 Deum
808 1014 995 1108 debemus,
1020 1016 1082 1113 qui
1104 1015 1210 1085 etiam
1228 1028 1376 1113 propter
1392 1019 1509 1087 Deum
1523 1017 1681 1088 unimam
1699 1041 1833 1114 ponere

239 1148 335 1205 recte
350 1133 531 1229 jubemur.
560 1139 637 1206 Hoc
661 1136 838 1207 seculares
863 1136 1049 1207 attendant
1073 1139 1278 1224 Potestates,
1305 1133 1443 1206 nullam
1465 1133 1534 1207 sibi
1550 1135 1686 1208 scilicet
1708 1160 1729 1207 a
1754 1135 1835 1207 sub·

237 1253 338 1348 jectis
355 1253 598 1326 obedientiam
616 1255 752 1346 deberi,
769 1280 851 1326 cum
870 1255 1004 1352 aliquid
1022 1253 1120 1353 quod
1140 1260 1236 1325 Deus
1252 1253 1423 1351 probibet
1439 1255 1490 1326 eis
1507 1256 1711 1351 injungunt,
1727 1256 1835 1326 etium

240 1375 268 1443 si
283 1373 355 1444 lide
366 1374 423 1445 vel
435 1390 658 1447 sacramento
671 1400 734 1447 eos
751 1375 819 1448 sibi
832 1377 869 1446 in
889 1375 960 1447 hoc
976 1376 1216 1447 astrinxerint.
1231 1404 1249 1443 o
1259 1380 1304 1447 Ut
1318 1375 1451 1447 scilicet
1467 1399 1611 1447 carnem
1631 1390 1795 1448 vestram.
1816 1406 1832 1441 s

240 1493 396 1588 Exponit
411 1492 511 1588 quod
524 1496 704 1591 promisit,
725 1494 912 1592 quomodo
933 1495 1100 1567 videlicet
1114 1493 1385 1589 intelligendum
1401 1494 1447 1565 sit
1463 1518 1532 1566 nos
1546 1519 1623 1565 troo
1642 1519 1718 1566 esse
1734 1493 1836 1566 debi-

238 1623 335 1681 tores
350 1614 467 1702 carni,
492 1637 539 1684 ne
556 1614 646 1686 sorte
670 1614 742 1687 hoc
761 1615 889 1713 uliquis
905 1614 951 1685 de
968 1613 1166 1685 substantia
1183 1613 1301 1685 carnis
1317 1612 1454 1685 dictum
1471 1614 1661 1711 acciperet,
1680 1615 1737 1685 cui
1755 1616 1836 1710 qui·

240 1729 323 1801 dem
346 1729 527 1802 debitores
553 1757 678 1804 sumus
699 1749 875 1831 quantum
908 1732 954 1805 ad
977 1733 1214 1805 necessariam
1237 1732 1313 1829 ejus
1336 1731 1467 1804 curam
1483 1734 1651 1830 pertinet,
1677 1733 1715 1803 in
1739 1734 1834 1807 rictu

240 1847 404 1919 videlicet
419 1864 453 1920 et
471 1852 612 1939 vestitu,
630 1867 668 1922 ut
682 1850 758 1924 haec
769 1853 802 1923 ei
815 1853 1071 1923 ministremus.
1086 1852 1170 1923 Tale
1184 1865 1240 1922 est
1252 1876 1339 1947 ergo
1353 1875 1395 1923 oc
1411 1851 1440 1922 si
1455 1850 1576 1922 dicat:
1598 1855 1678 1922 Non
1695 1876 1832 1943 sumus,
1928 1905 1938 1916 .

240 1969 401 2065 inquam,
421 1968 601 2042 debitores
616 1973 728 2063 carni,
748 1972 797 2043 ita
812 1986 850 2043 ut
863 1970 1063 2044 secundum
1077 1995 1223 2042 carnem
1239 1971 1415 2060 vivamus,
1434 1972 1517 2043 licet
1534 1972 1573 2041 in
1589 1995 1710 2059 carue,
1733 1969 1770 2042 id
1784 1985 1838 2043 est

241 2099 280 2157 ut
293 2088 451 2161 carnalia
465 2103 643 2162 sectemur
658 2091 847 2163 desideria.
869 2121 887 2158 o
903 2092 938 2162 Si
956 2092 1066 2163 enim.
1085 2117 1103 2157 u
1123 2090 1162 2161 ld
1178 2106 1245 2181 est,
1265 2115 1339 2161 non
1359 2091 1443 2161 estis
1457 2090 1606 2162 obnoxii
1623 2091 1735 2181 carni,
1750 2092 1838 2187 quia

240 2210 318 2301 ejus
335 2205 543 2279 obedientia
559 2233 625 2297 vos
638 2210 839 2282 damnaret.
861 2215 905 2281 Et
918 2210 990 2281 hoc
1004 2223 1069 2301 est,
1091 2238 1108 2278 o
1123 2209 1342 2297 moriemini,
1359 2240 1376 2275 s
1395 2209 1432 2280 id
1452 2222 1505 2281 est
1522 2222 1676 2280 mortem
1692 2209 1834 2300 anime,

242 2345 321 2420 quae
347 2342 400 2396 est
423 2341 625 2423 peccatum,
644 2330 834 2401 incurretis
859 2331 892 2401 ei
919 2328 1197 2417 consentiendo,
1224 2329 1254 2399 si
1281 2352 1323 2399 cu
1338 2327 1543 2400 stimulante
1566 2351 1642 2398 non
1662 2342 1836 2424 quantum

243 2446 391 2539 potestis
409 2446 644 2519 reluctemini.
664 2451 728 2519 «Si
743 2464 862 2522 autem
877 2449 1017 2547 spiritu,
1033 2476 1051 2515 u
1068 2446 1106 2518 id
1122 2462 1176 2519 est
1189 2447 1289 2518 dono
1306 2445 1427 2544 aliquo
1444 2445 1575 2518 divinae
1593 2448 1711 2543 gratiss
1726 2448 1837 2544 magis

242 2587 352 2659 quam
373 2579 488 2636 vestra
509 2568 638 2640 virtute
655 2597 674 2637 u
689 2569 986 2640 mortificaveritis
1009 2567 1101 2639 facta
1123 2568 1254 2656 curnis,
1272 2595 1289 2634 u
1308 2567 1338 2637 ai
1361 2565 1526 2637 noudum
1547 2567 1690 2664 penitus
1714 2590 1839 2662 sugge-

153 2722 157 2728 ·
241 2683 374 2754 stiones
395 2687 572 2784 extirpare
595 2688 761 2784 potestis,
788 2718 806 2753 α
825 2688 954 2758 -vivetis
972 2718 989 2752 t>
1010 2710 1031 2757 e
1050 2686 1234 2757 contrario
1249 2707 1333 2756 vera
1357 2685 1485 2756 anime
1506 2684 1597 2777 vitu,
1624 2685 1698 2756 sive
1720 2683 1779 2755 hic
1802 2685 1836 2755 in

241 2800 441 2892 virtutibus,
462 2804 589 2875 sivein
608 2819 739 2877 eterna
759 2805 992 2878 beatitudine.
1010 2809 1117 2876 Facta
1136 2803 1412 2890 mortificantur,
1431 2818 1602 2900 tanquam
1618 2803 1650 2873 ai
1669 2803 1838 2900 parvulus

241 2920 277 2990 in
291 2935 395 2992 utero
407 2937 605 3020 conceptus
629 2938 822 3021 antequem
845 2939 1012 2998 nascatur
1027 2924 1269 3019 extinguatur,
1293 2921 1382 2994 dum
1401 2923 1592 3020 malaque
1610 2936 1730 2994 mente
1751 2944 1840 2993 con·

242 3038 407 3136 cipimus,
434 3066 481 3113 ne
502 3067 616 3139 usque
641 3041 687 3115 ad
708 3070 819 3143 opere
838 3044 1033 3145 prodeant,
1053 3044 1308 3144 praerenimus,
1325 3068 1473 3116 omnem
1491 3042 1542 3116 eis
1564 3056 1739 3140 quantum
1753 3065 1838 3140 pos·

242 3182 363 3231 sumus
389 3161 616 3233 occasionem
644 3164 856 3237 auferentes.
883 3167 982 3237 Sicut
1009 3165 1181 3263 scriptum
1208 3168 1281 3235 est¹
1304 3189 1312 3233 ι
1337 3192 1355 3229 α
1369 3162 1508 3234 Beatus
1530 3163 1593 3259 qui
1621 3160 1775 3253 tenebit,
1803 3175 1839 3232 et

241 3273 360 3345 allidet
387 3277 556 3373 parvulos
582 3300 668 3352 suos
696 3280 742 3351 ad
766 3294 954 3377 petram»
982 3279 1018 3351 id
1044 3293 1098 3350 est
1113 3292 1289 3375 concepta
1306 3300 1372 3375 per
1397 3276 1555 3374 aliquam
1576 3277 1837 3372 suggestionem
1931 3292 1937 3301 ·

242 3408 361 3464 mente
372 3410 520 3493 peccata
536 3397 668 3491 adbuc,
681 3400 784 3497 quasi
801 3399 950 3499 parvula
967 3398 1051 3490 sint,
1070 3393 1300 3468 mortificabit
1316 3409 1423 3492 etque
1441 3393 1642 3486 interficiet,
1655 3393 1837 3466 allidendo
1895 3498 1898 3503 ἕ

241 3511 288 3582 ad
305 3527 455 3609 petram,
486 3516 524 3587 id
547 3533 599 3589 est
627 3518 890 3615 confringendo
918 3542 960 3590 ea
987 3532 1022 3589 et
1044 3513 1329 3614 dissipando·ad
1350 3512 1439 3585 illud
1463 3512 1648 3584 bonorum
1672 3513 1836 3585 omniurn

241 3628 369 3702 stabile
394 3633 686 3730 fundumentum,
715 3636 817 3736 quod
839 3635 1000 3709 Christus
1026 3648 1100 3728 est,
1124 3633 1213 3706 dum
1235 3631 1337 3730 quod
1363 3656 1428 3729 per
1452 3631 1696 3705 infirmitatem
1720 3632 1838 3703 carnis

242 3771 345 3820 meus
367 3750 525 3827 humana
548 3758 783 3856 concupiscit,
813 3778 877 3855 per
902 3780 1065 3829 amorem
1091 3753 1222 3826 Christi
1251 3752 1343 3824 ratio
1367 3751 1536 3825 roborate
1562 3776 1608 3824 uc
1632 3750 1837 3852 perficiatur

240 3872 376 3965 satagit.
403 3872 513 3985 Sicut·
528 3875 612 3946 alibi
639 3876 734 3948 idern
762 3877 954 3976 Apostolus
974 3886 1237 3949 commemoret
1264 3871 1407 3943 dicens-¹
1433 3897 1441 3941 ε
1464 3877 1590 3945 «Caro
1616 3873 1837 3971 concupiscit

241 3985 410 4061 adversus
426 3992 606 4089 spiritum,
631 3996 776 4093 spiritus
795 3995 967 4068 adversus
990 4018 1181 4086 carnem,»
1194 3990 1241 4063 id
1266 4004 1319 4063 est
1339 3991 1431 4063 ratio
1453 3992 1572 4063 carnis
1592 3993 1835 4089 suggestiones

241 4107 459 4202 reprimens,
489 4137 536 4184 ne
563 4112 696 4189 scilicet
728 4139 842 4212 usque
873 4115 929 4188 ad.
948 4139 1061 4214 opera
1092 4109 1306 4213 procedant.
1337 4113 1382 4181 Et
1412 4110 1611 4184 Salonou³
1637 4138 1645 4181 ε
1670 4142 1688 4179 α
1710 4110 1836 4184 Melior

240 4238 315 4316 est,
337 4256 355 4292 υ
375 4227 512 4326 inquit,
535 4260 554 4301 u
576 4233 714 4330 patiens
735 4234 813 4305 viro
828 4235 913 4307 lorti
935 4261 950 4305 e
969 4249 1004 4307 et
1020 4234 1084 4331 qui
1103 4231 1310 4304 dominatur
1332 4230 1456 4303 auimo
1479 4254 1568 4322 suo,
1593 4244 1836 4329 expugnatore
1881 4256 1882 4261 ¹

241 4342 397 4417 urbium.
423 4376 441 4415 n

291 4467 543 4566 «Quicunque
569 4473 681 4544 enirn.
699 4504 727 4539 o.
747 4479 851 4565 Beue,
879 4477 1042 4571 iuquam,
1060 4471 1200 4561 vivetis,
1228 4470 1258 4541 si
1285 4470 1413 4568 spiritu
1439 4469 1574 4542 sedicet
1601 4467 1694 4541 lacta
1717 4471 1836 4542 caruis

242 4583 551 4679 mortificaveritis,
563 4591 649 4687 quio
666 4621 683 4662 u
698 4595 907 4692 quicunque
920 4606 1104 4689 aguntur.»
1119 4591 1241 4688 potiris
1258 4613 1369 4687 quam
1384 4603 1576 4685 coguntur,
1587 4587 1626 4663 id
1643 4602 1696 4660 est
1711 4612 1835 4662 amre
1883 4600 1885 4603 ’

239 4700 444 4777 alliciuntur
472 4710 583 4807 magis
610 4737 728 4809 quam.
748 4713 879 4785 timore
905 4709 1186 4810 compelluntur,
1219 4710 1390 4808 «spiritu
1419 4709 1499 4798 Dei,
1526 4735 1554 4776 r.
1572 4706 1636 4780 filii
1658 4725 1744 4782 sunt
1769 4710 1834 4781 Dei

240 4819 362 4912 potius
385 4847 495 4919 quam
519 4827 625 4920 servi,
652 4827 690 4899 id
711 4843 763 4900 est
786 4852 851 4927 per
874 4851 1037 4901 amorem
1058 4826 1093 4897 ei
1109 4826 1224 4922 magis
1248 4848 1359 4921 quam
1379 4849 1449 4925 per
1474 4826 1641 4899 timorem
1661 4824 1831 4922 subjecti.

241 4964 260 5004 κ
278 4941 358 5010 Non
372 4943 482 5016 euim.
497 4974 515 5011 o
536 4950 585 5018 Ac
600 4945 775 5045 sialiquis
789 4963 964 5047 quaererst
982 4974 1001 5018 t.
1011 4945 1177 5023 nubens
1190 4949 1292 5019 Deus
1305 4945 1426 5045 plures
1437 4945 1548 5039 lilios,
1563 4969 1651 5018 eum
1661 4945 1744 5041 ejus
1756 4943 1835 5021 utti-

271 5210 807 5285 1rotn.mm,v.s.-²cam,‚ap.
827 5221 953 5283 mult.
972 5220 1193 5282 *Prummu
1210 5221 1349 5278 must.
