4559 6100
691 531 735 603 ΙΝ
759 525 1008 602 nelstomtt
1032 526 1093 600 ΑΙ)
1117 527 1344 601 Ronanus.
1731 530 1803 603 ata

219 681 316 755 novit
329 678 392 778 qui
408 675 497 749 nibil
516 701 592 749 non
609 678 745 776 optime
759 677 930 777 disponit.
954 681 998 748 Et
1017 701 1085 749 nos
1101 676 1250 774 quidem
1267 676 1404 774 aliquas
1419 674 1670 773 hujuscemodi
1687 702 1730 750 ex
1748 678 1805 752 his

219 825 293 899 quae
318 799 523 894 frequenter
545 794 706 869 accidere
733 796 915 889 videmus,
941 797 1119 893 conjicere
1145 820 1349 893 possumus.
1379 797 1478 893 Saepe
1495 797 1628 895 quippe
1656 798 1803 886 accidit,

220 934 255 993 ut
274 917 399 991 talium
424 914 658 1015 parvulorum
675 930 830 990 mortem
850 917 888 988 in
910 917 1024 990 vitam
1044 941 1193 989 sucrum
1219 930 1410 1016 parentum
1433 915 1555 987 divina
1579 915 1690 1011 gratia
1709 939 1808 989 com·

221 1052 346 1128 mutet,
373 1060 458 1107 cum
481 1036 548 1134 ipsi
574 1035 739 1108 videlicet
758 1039 910 1110 maxime
935 1038 982 1110 de
1006 1059 1133 1110 eorum
1161 1037 1394 1109 damnatione
1413 1050 1610 1132 quaerentes
1632 1060 1741 1133 quam
1757 1038 1808 1109 eis

220 1183 281 1258 per
305 1155 633 1252 concupiscentiam
659 1157 842 1255 propriam
871 1159 1046 1255 generatis
1075 1157 1274 1247 intulerint,
1306 1156 1459 1255 propriae
1488 1155 1525 1228 id
1553 1156 1666 1253 culpae
1692 1169 1810 1227 toturn

220 1276 377 1349 tribuant
401 1289 437 1345 et
456 1273 525 1345 sibi
548 1274 742 1369 ascribant,
759 1290 794 1349 et
817 1291 891 1348 tam
910 1277 978 1375 ipsi
1001 1300 1111 1374 quam
1130 1277 1247 1349 caeteri
1264 1275 1337 1348 boc
1355 1275 1530 1365 videntes,
1552 1274 1749 1347 timidiores
1771 1276 1808 1347 in

220 1400 347 1487 Deum,
365 1391 457 1465 etde
470 1394 626 1492 propriis
638 1396 792 1493 peccatis
809 1395 920 1491 magis
933 1396 1140 1494 compuncti
1155 1396 1212 1469 vel
1228 1395 1472 1493 resipiscentes
1494 1392 1706 1486 efficiantur,
1726 1420 1810 1467 cum

220 1529 290 1586 tam
315 1536 476 1584 severam
492 1512 528 1581 in
548 1511 717 1610 parvulos
738 1538 782 1585 ex
803 1515 1108 1613 concupiscentia,
1131 1515 1168 1586 in
1189 1537 1261 1612 qua
1276 1538 1402 1586 omnes
1424 1527 1636 1610 genuerunt,
1655 1512 1810 1586 viderint

220 1632 443 1706 sententiam.
474 1634 524 1699 Ex
548 1655 622 1725 quo
646 1632 753 1703 etiam
775 1632 822 1704 ad
840 1634 1068 1706 continentiae
1093 1633 1234 1705 bonum
1256 1635 1375 1732 potius
1390 1633 1595 1724 invitamur,
1617 1632 1717 1730 quod
1736 1645 1810 1704 tam

221 1749 426 1851 periculosae
444 1747 671 1844 indulgemus
693 1752 1004 1850 concupiscentiae,
1023 1776 1213 1851 perquam
1231 1766 1286 1824 tot
1305 1754 1433 1824 animae
1450 1752 1668 1824 incessanter
1691 1750 1812 1823 inferis

222 1869 520 1943 transmittuntur.
540 1867 602 1938 llis
620 1867 677 1940 vel
698 1870 944 1943 consimilibus
959 1871 1159 1944 rationibus
1175 1896 1348 1971 apparere
1364 1871 1532 1964 arbitror,
1551 1870 1751 1941 Dominum
1767 1868 1813 1941 de

223 1989 403 2062 mitissima
420 1985 481 2058 illa
496 1985 727 2060 damnatione
752 1991 986 2087 parvulorum
1002 2014 1077 2063 non
1095 1991 1212 2064 solum
1229 1991 1366 2089 injuriae
1382 2014 1458 2062 non
1475 2013 1551 2062 esse
1567 1987 1810 2085 arguendum,

221 2133 345 2181 verum
368 2107 478 2178 etiam
500 2129 544 2177 ex
561 2106 736 2179 nonnulla
755 2109 874 2204 gratiae
898 2133 970 2181 suoe
988 2110 1114 2181 tamin
1138 2110 1322 2209 parvulos,
1346 2123 1386 2181 ut
1403 2108 1540 2180 dictum
1562 2122 1628 2199 est,
1649 2131 1759 2206 quam
1775 2108 1812 2179 in

222 2240 366 2298 caeteros
382 2224 573 2297 collatione
590 2225 878 2321 glorificandum.

273 2351 333 2418 Est
351 2369 435 2442 ergo
451 2344 623 2441 originale
639 2361 839 2443 peccatum,
859 2371 944 2419 eum
961 2373 1034 2447 quo
1052 2350 1244 2439 nascimur,
1263 2350 1380 2448 ipsum
1397 2347 1636 2419 damnationis
1652 2343 1814 2418 debitum

222 2488 297 2561 quo
324 2463 537 2561 obligamur,
569 2489 653 2536 cum
670 2464 818 2536 obnoxii
840 2481 978 2539 aeternae
1004 2493 1117 2567 poenae
1140 2467 1316 2540 efficimur
1342 2480 1490 2566 propter
1515 2465 1658 2563 eulpam
1685 2479 1815 2537 nostrae

222 2583 381 2680 originis,
400 2582 439 2654 id
454 2597 508 2654 est
526 2583 726 2681 primorum
742 2598 946 2682 pareutum,
964 2611 987 2659 a
1003 2586 1135 2685 quibus
1147 2601 1270 2658 nostra
1286 2586 1421 2684 incepit
1436 2585 1550 2681 origo.
1571 2587 1611 2653 ln
1625 2581 1688 2653 illo
1702 2585 1813 2673 enim,

223 2717 261 2775 ut
278 2727 387 2799 supra
399 2702 563 2774 meminit
578 2703 781 2799 Apostolus,
795 2706 1038 2801 peccavimus,
1056 2706 1172 2799 idest,
1190 2706 1328 2805 peccati
1346 2705 1422 2801 ejus
1438 2725 1546 2775 causa
1560 2715 1699 2774 aeternae
1715 2701 1816 2773 dam-

222 2821 361 2893 nationi
376 2821 426 2893 ita
439 2819 670 2918 deputamur,
689 2834 743 2910 ut,
765 2821 832 2892 nisi
846 2821 1053 2896 divinorum
1070 2820 1501 2918 sacramentorum-nobis
1515 2819 1675 2893 remedia
1691 2819 1819 2894 subve-

221 2941 338 3032 niant,
354 2939 568 3012 aeternaliter
584 2938 811 3011 damnemur.
824 2943 868 3011 Et
881 2942 1084 3015 notandum
1094 2944 1193 3041 quod
1209 2923 1293 3017 licet
1307 2942 1469 3015 dicamus
1478 2964 1643 3039 peccasse
1652 2939 1820 3039 parvulos

221 3060 261 3130 in
276 3058 401 3153 Adam,
425 3074 466 3131 ut
486 3059 689 3158 expositum
705 3073 771 3153 est,
790 3083 865 3132 non
891 3061 976 3134 ideo
993 3064 1202 3164 simpliciter
1219 3065 1413 3136 annuimus
1436 3086 1498 3134 eos
1519 3084 1699 3159 peccasse,
1730 3062 1821 3132 sicut

220 3202 292 3252 nec
303 3204 387 3251 cum
404 3177 557 3251 dicimus
573 3179 729 3277 aliquem
747 3193 941 3276 tyrannum
958 3181 1078 3254 adhuc
1092 3183 1213 3255 vivere
1230 3183 1268 3255 in
1287 3181 1368 3254 filiis
1382 3182 1469 3269 suis,
1490 3179 1573 3251 ideo
1587 3201 1671 3250 eum
1687 3175 1820 3275 simpli·

220 3300 314 3371 citer
327 3300 449 3370 vivere
466 3297 712 3370 concedimus.
734 3302 962 3372 Damnantur
979 3302 1112 3399 itaque,
1131 3303 1286 3401 inquies,
1312 3301 1465 3399 quinon
1487 3311 1695 3397 peccarunt,
1720 3296 1821 3394 quod

218 3430 277 3488 est
290 3416 557 3512 iniquissimum
578 3444 586 3489 :
612 3419 814 3516 puniuntur
829 3419 893 3515 qui
911 3442 987 3491 non
1010 3435 1234 3512 meruerunt,
1263 3419 1363 3519 quod
1380 3433 1433 3491 est
1452 3416 1727 3490 atrocissimum.
1749 3414 1820 3488 Sed

215 3534 296 3607 hoc
310 3536 460 3608 sortasse
476 3550 652 3634 quantum
674 3537 722 3609 ad
742 3538 922 3631 homines,
948 3562 1025 3612 uon
1049 3554 1228 3638 quantum
1244 3539 1291 3613 ad
1304 3543 1435 3630 Deum,
1456 3550 1511 3608 est
1531 3532 1817 3607 concedendum.

216 3653 394 3751 Alioquin
423 3656 609 3751 quomodo
641 3658 810 3756 parvulos
834 3681 982 3755 quoque
1009 3682 1119 3756 poena
1139 3659 1265 3732 diluvii
1289 3657 1347 3731 vel
1370 3653 1527 3728 incendii
1554 3652 1822 3726 Sodomitarum

212 3777 325 3846 Deus
342 3773 502 3871 affiigens
521 3798 596 3847 uon
614 3777 797 3873 arguitur?
809 3776 882 3849 Aut
897 3778 1084 3873 quomodo
1100 3783 1139 3850 B.
1159 3778 1229 3851 lob
1241 3793 1277 3851 et
1290 3791 1463 3873 martyres
1480 3786 1623 3846 sanctos
1643 3771 1751 3869 affligi
1767 3773 1825 3845 vel

209 3878 347 3967 occidi
362 3895 545 3991 permisit?
562 3895 720 3993 denique
736 3910 772 3968 et
782 3897 932 3969 unicum
944 3922 1050 3970 suum
1062 3900 1168 3971 morti
1182 3896 1353 3971 tradidit?
1371 3893 1657 3993 Dispensatione‚
1670 3892 1822 3989 inquies,

209 4012 524 4085 commodissima
541 4015 659 4110 gratiae
676 4039 748 4087 suae
763 4015 801 4087 id
819 4016 912 4088 fecit.
941 4021 1036 4090 Bene
1054 4031 1090 4090 et
1101 4030 1224 4114 argute
1243 4044 1251 4088 z
1270 4017 1322 4089 sic
1340 4016 1462 4106 etiam,
1485 4012 1646 4108 inquam,
1661 4010 1826 4083 homines

17 4162 24 4199 ι
205 4132 352 4228 aliqua
364 4130 588 4204 saluberrimi
605 4134 745 4205 consilii
761 4134 1028 4233 dispensatione
1049 4151 1085 4209 et
1105 4138 1315 4209 innocentes
1338 4135 1471 4234 pariter
1488 4145 1528 4203 ut
1544 4142 1714 4203 nocentes
1738 4129 1827 4201 affli-

202 4276 310 4346 gere
328 4264 495 4349 possunt,
515 4251 633 4322 necin
650 4250 719 4325 hcc
736 4278 885 4352 peceare
902 4281 910 4324 ε
928 4254 1039 4327 veluti
1050 4280 1134 4327 cum
1153 4271 1302 4354 propter
1318 4251 1467 4349 alicujus
1480 4250 1624 4347 tyranni
1639 4249 1825 4340 malitiam,

200 4369 316 4442 boni
347 4370 528 4468 principes
553 4384 665 4443 terras
689 4372 766 4468 ejus
787 4372 1050 4471 depopulantes
1066 4389 1174 4471 atque
1199 4372 1458 4473 depraedantes,
1482 4383 1518 4442 et
1537 4368 1643 4441 bonis
1663 4366 1828 4439 fidelibus

197 4490 278 4587 qui
302 4488 346 4561 ei
365 4486 515 4584 subjecti
527 4502 625 4577 sunt,
646 4502 681 4561 et
700 4491 924 4588 possessione
948 4516 1024 4564 non
1043 4507 1164 4566 mente
1181 4491 1377 4590 conjuncti,
1400 4512 1532 4563 nocere
1548 4488 1826 4585 compelluntur,

197 4622 247 4679 ut
273 4629 497 4707 paucorum
523 4606 718 4681 electorum
735 4610 870 4683 damno
886 4612 1124 4710 plurimorum
1140 4614 1282 4686 utilitati
1299 4610 1542 4712 provideatur.
1573 4611 1693 4679 Potest
1723 4606 1828 4677 etiam

191 4728 458 4821 contingere,
478 4740 520 4798 ut
542 4726 652 4825 aliqui
670 4728 747 4801 falsi
768 4743 872 4802 testes
891 4754 983 4827 quos
1003 4746 1123 4804 tamen
1151 4732 1311 4807 refellere
1331 4755 1407 4804 uon
1429 4728 1624 4817 valeamus,
1644 4724 1764 4819 aliqua
1784 4721 1829 4792 de

185 4847 359 4945 aliquo
372 4846 552 4943 imputent
568 4870 678 4943 quem
688 4848 918 4922 innocentem
935 4851 1078 4924 scimus.
1094 4854 1261 4940 Quorum
1277 4849 1422 4949 quidem
1431 4845 1631 4920 testimonia
1640 4855 1831 4941 postquam

187 4966 236 5037 id
254 4964 430 5062 egerint
445 4963 545 5061 quod
560 4966 610 5037 eis
624 4965 870 5065 adjudicatum
888 4969 1005 5062 luerit,
1034 4970 1197 5067 cogimur
1212 4971 1319 5045 etiam
1337 4981 1463 5041 contra
1483 4961 1737 5036 conscientiam
1762 4981 1832 5029 no-

182 5101 342 5158 stram
370 5106 516 5179 gravare
532 5083 779 5181 innocentem,
799 5103 852 5181 ut,
871 5088 973 5187 quod
995 5089 1156 5162 mirabile
1171 5090 1269 5162 dictu
1286 5103 1351 5180 est,
1378 5086 1465 5159 dum
1486 5081 1623 5180 legibus
1645 5078 1830 5175 obtempe-
