4559 6100
504 570 551 642 at
1103 567 1231 644 PE‘l'Rl
1257 568 1493 644 marato!

501 715 664 789 sabaoth.
687 745 705 785 ιι
726 720 830 789 Recte
845 731 966 790 autem
983 715 1160 791 vocabulo
1178 716 1325 790 Domini
1341 743 1426 791 usus
1441 732 1493 791 est
1507 716 1685 817 Propheta
1707 715 1754 789 ad
1778 716 1977 815 poteutiam
1997 716 2090 790 desi·

501 833 698 930 guandam,
731 835 817 932 quia
840 835 1073 908 dominorum
1098 851 1152 909 est
1172 861 1345 937 praeesse3
1380 861 1460 933 quae
1489 835 1655 910 videlicet
1683 834 1846 933 potentia
1878 832 2091 933 plerumque

500 952 607 1024 etiam
620 951 693 1025 hoc
708 953 856 1026 nomine
874 958 969 1025 Deus
986 954 1197 1051 assignatur.
1217 956 1270 1027 Eo
1288 954 1452 1027 videlicet
1467 954 1567 1052 quod
1584 961 1658 1038 θεός
1674 956 1815 1042 Graece,
1843 951 1881 1024 id
1906 966 1959 1025 est
1975 957 2089 1044 Deus,

502 1086 589 1144 teste
604 1071 744 1145 Isidoro
757 1076 781 1163 ¹,
803 1102 822 1141 a
839 1073 946 1145 timor
963 1073 1237 1172 interpretatur,
1259 1101 1278 1142 ιι
1297 1086 1333 1145 et
1349 1086 1505 1172 potestas
1529 1071 1696 1172 qualibet
1717 1072 1825 1143 timor
1839 1083 1893 1173 est
1914 1069 2093 1169 subjecto-

502 1209 595 1262 rum.
612 1176 721 1279 Quod
732 1206 852 1264 autem
868 1190 1020 1265 verbum
1036 1192 1120 1282 Dei,
1138 1192 1217 1290 ipsa
1231 1192 1402 1290 sapientia
1419 1193 1496 1289 ejus
1518 1192 1563 1265 sit
1583 1188 1872 1288 intelligendum,
1901 1203 2023 1289 aperte
2052 1191 2091 1263 in

501 1310 747 1382 Ecclesiastico
761 1324 982 1384 monstratur
996 1310 1054 1383 his
1072 1309 1229 1385 verbis¹z
1249 1311 1416 1385 «Omnis
1441 1311 1613 1412 sapientia
1634 1333 1658 1382 a
1684 1308 1836 1382 domino
1856 1312 1935 1381 Deo
1957 1324 2027 1399 est,
2055 1324 2092 1381 et

501 1451 586 1500 cum
602 1428 664 1500 illo
683 1427 749 1500 luit
761 1454 915 1529 semper,
927 1444 963 1503 et
974 1443 1028 1503 est
1042 1444 1127 1503 ante
1138 1454 1266 1503 aevum
1283 1430 1499 1527 Sapientiam
1516 1429 1581 1502 Dei
1598 1426 1857 1528 precedentem
1873 1429 1996 1500 omnia
2010 1430 2092 1525 quis

502 1546 743 1644 investigavit?
762 1548 863 1619 Prior
875 1548 1038 1620 omnium
1055 1562 1172 1621 creata
1187 1561 1239 1621 est
1255 1548 1446 1647 sapientia,
1465 1562 1502 1622 et
1517 1545 1716 1621 intellectus
1726 1545 1924 1646 prudentiae
1939 1545 1985 1618 ab
1997 1570 2089 1630 aevo,

502 1666 581 1736 lons
596 1665 778 1765 sapientiae
793 1665 944 1738 verbum
960 1668 1025 1739 Dei
1039 1667 1076 1741 in
1093 1666 1256 1758 excelsis,
1275 1682 1343 1741 etc.
1363 1698 1381 1735 s
1399 1666 1515 1741 David
1531 1690 1678 1766 quoque
1692 1678 1863 1738 aeternam
1883 1663 1960 1737 Filii
1983 1688 2091 1759 geue-

501 1785 679 1857 rationem
702 1809 744 1858 ex
763 1789 866 1859 Patre
883 1790 959 1858 Deo
977 1799 1099 1886 aperte
1117 1786 1291 1876 insinuat,
1311 1785 1374 1859 uhi
1390 1810 1582 1885 personam
1600 1785 1678 1858 Filii
1695 1783 1893 1859 introducit
1911 1783 2092 1881 loquentis

501 1904 587 1974 sic³:
612 1904 825 1977 «Dominus
844 1904 931 1978 dixit
947 1903 993 1978 ad
1007 1929 1086 2000 me,
1108 1904 1216 1978 Filius
1233 1929 1335 1978 meus
1353 1929 1391 1978 es
1409 1918 1464 1995 tu,
1484 1900 1561 2002 ego
1577 1904 1688 1977 hodie
1703 1903 1811 2002 genui
1828 1917 1880 1996 te,
1903 1901 2046 2002 postula
2070 1926 2092 1974 a

501 2046 559 2093 me
575 2036 611 2093 et
627 2022 724 2096 dabo
736 2023 800 2096 tibi
815 2038 936 2122 gentes
951 2023 1207 2097 haereditatem.
1228 2055 1246 2091 s
1261 2026 1344 2098 Tale
1359 2038 1411 2097 est
1423 2037 1544 2098 autem
1561 2023 1662 2122 quod
1675 2024 1724 2095 ait
1743 2050 1752 2094 :
1774 2051 1793 2091 s
1814 2024 1887 2119 Ego
1900 2019 2010 2093 hodie
2023 2046 2092 2118 ge·

502 2140 562 2211 nui
581 2154 632 2232 te,
654 2172 672 2209 s
690 2144 788 2237 acsi
815 2144 951 2218 diceret
977 2147 1151 2217 :AEterna
1175 2144 1236 2216 lux
1265 2169 1309 2218 ex
1335 2145 1413 2242 ipsa
1439 2166 1518 2215 mea
1541 2140 1738 2215 substantia
1759 2167 1816 2234 es3
1844 2164 1928 2214 uam
1953 2141 2038 2237 quia
2054 2142 2091 2212 iu

499 2261 695 2334 aeternitate
711 2261 800 2335 nihil
817 2264 1033 2363 preteritum
1049 2277 1113 2336 aut
1129 2262 1309 2355 firtumm,
1328 2262 1392 2336 sed
1411 2260 1664 2334 tantummodo
1677 2283 1850 2360 presens,
1868 2257 2003 2332 idcirco
2021 2258 2093 2332 ad·
2135 2312 2138 2317 »

499 2376 623 2451 verbio
641 2382 811 2479 temporis
828 2383 1022 2479 praesentis,
1038 2406 1107 2481 pro
1120 2381 1316 2454 aeternitate
1331 2395 1386 2454 est
1397 2404 1483 2453 usus
1495 2378 1680 2453 diceudo«
1700 2378 1824 2469 bodie,
1839 2405 1857 2447 ιι
1876 2401 1944 2477 pro
1963 2407 1982 2445 «
1996 2392 2093 2451 aeter

500 2495 664 2568 naliter.»
681 2502 776 2571 Bene
793 2513 912 2572 autem
930 2498 977 2573 ad
996 2497 1140 2571 «bodie
1160 2528 1178 2567 ι
1196 2497 1335 2572 addidit
1354 2529 1372 2568 a
1393 2499 1517 2597 genui,
1532 2527 1551 2568 s
1564 2499 1666 2596 quusi
1682 2521 1839 2597 praesens
1853 2496 2090 2595 praeteritum,

501 2628 539 2685 ut
555 2614 718 2688 videlicet
733 2617 846 2714 ipsam
861 2618 1129 2714 generationem
1145 2642 1210 2716 per
1226 2647 1248 2684 a
1258 2616 1397 2690 hodie»
1416 2632 1639 2715 presentem,
1659 2640 1815 2716 semper,
1834 2639 1899 2714 per
1914 2644 1932 2681 a
1950 2617 2057 2712 genui
2071 2645 2090 2683 u

498 2732 693 2830 perfectam
720 2757 798 2807 esse
819 2734 1011 2827 indicaret,
1048 2759 1235 2834 nunquam
1256 2736 1391 2810 scilicet
1414 2749 1478 2808 aut
1504 2759 1668 2825 cessare,
1697 2748 1760 2808 aut
1780 2735 1973 2833 ineoeptam
1995 2758 2088 2807 esse.

500 2852 642 2950 Quippe
658 2876 739 2950 quae
753 2856 929 2952 praeterita
943 2868 1044 2946 sunt,
1056 2853 1132 2951 jam
1144 2854 1330 2953 completa
1346 2868 1430 2926 sunt
1445 2867 1481 2926 et
1495 2854 1670 2953 persecta3
1697 2852 1854 2951 ideoque
1875 2853 2093 2952 praeteritum

499 2971 600 3067 quasi
613 2995 680 3069 pro
697 2972 917 3072 perfectione
939 2974 1079 3074 posuit,
1098 2971 1436 3046 ostendensscilicet
1452 2972 1578 3045 Filium
1591 2996 1636 3046 ex
1653 2975 1756 3045 Patre
1768 2996 1913 3072 semper
1934 2975 2093 3070 generari

498 3103 535 3160 et
543 3113 687 3189 semper
696 3092 856 3186 genitum
863 3117 957 3166 esse.
966 3093 1042 3181 ‚Qui
1052 3092 1186 3168 etalibi
1199 3094 1357 3191 apertius
1369 3092 1601 3166 aeternitatem
1614 3092 1691 3164 Filii
1701 3104 1918 3191 protestatur
1930 3091 2091 3165 dioens‘:

502 3235 519 3274 ιι
541 3208 768 3282 Permanebit
788 3235 875 3283 cum
902 3211 977 3285 sole
1002 3226 1038 3286 et
1065 3225 1150 3285 ante
1174 3211 1318 3299 lunam,
1346 3211 1384 3283 in
1410 3211 1640 3307 generatione
1662 3226 1698 3284 et
1721 3211 2006 3308 generationem,
2022 3239 2040 3278 n
2058 3224 2094 3282 et

500 3331 636 3399 rursus⁸
653 3355 661 3398 ε
684 3334 849 3402 «Tecum
865 3331 1094 3429 principium.
1117 3359 1135 3396 s
1155 3332 1209 3403 De
1231 3328 1300 3402 hac
1317 3330 1424 3402 etiam
1449 3327 1624 3402 ineffabili
1644 3344 1680 3402 et
1700 3344 1833 3422 marm
1848 3329 2092 3428 generatione,

498 3444 571 3517 sive
592 3447 699 3520 etium
713 3449 923 3548 temporali,
936 3473 1091 3547 quarum
1106 3463 1259 3546 utraque
1272 3446 1446 3521 mirabilis
1461 3461 1533 3531 est,
1555 3452 1661 3522 {satas
1676 3431 1860 3522 admirans
1874 3449 1938 3521 ait‘
1957 3474 1966 3518 :
1986 3479 2003 3514 α
2023 3452 2094 3518 Ge·

499 3566 723 3638 necationem
749 3568 827 3664 ejus
851 3569 933 3665 quis
959 3566 1160 3662 enarrabit?
1181 3596 1199 3635 ιι
1227 3573 1276 3640 Ae
1300 3568 1330 3639 si
1355 3582 1477 3666 aperte
1501 3566 1659 3640 diceret:
1682 3599 1699 3633 α
1730 3571 1808 3640 Nou
1836 3583 1890 3640 est
1921 3565 1992 3638 hoc
2017 3564 2096 3638 dis-

499 3713 615 3762 serere
628 3690 779 3765 humani
794 3693 948 3788 ingenii,
974 3693 1037 3767 sed
1058 3693 1169 3766 solius
1186 3694 1270 3784 Dei,
1301 3722 1319 3758 s
1343 3693 1445 3790 cujus
1472 3707 1591 3767 tamen
1617 3694 1762 3793 spiritus
1782 3696 1818 3766 in
1843 3691 1900 3764 his
1927 3689 2095 3765 fidelibus

499 3829 591 3903 quos
607 3808 683 3880 vult
698 3809 875 3908 loquitur,
890 3811 969 3910 ipso
978 3824 1168 3884 attestante
1183 3811 1246 3907 qui
1261 3811 1329 3883 ait'
1347 3836 1356 3882 :
1379 3840 1398 3879 a
1417 3814 1498 3883 Nou
1515 3812 1612 3885 enim
1628 3835 1694 3885 vos
1709 3813 1794 3886 estis
1808 3811 1871 3909 qui
1887 3809 2092 3907 loquimini,

499 3925 561 3998 sed
575 3927 726 4025 Spiritus
743 3929 853 4027 patris
866 3931 973 4002 vestri
990 3930 1052 4026 qui
1066 3928 1229 4027 loquitur
1242 3929 1280 4001 iu
1298 3929 1416 4002 vobis.
1434 3958 1453 3998 v
1472 3931 1713 4029 Hieronymus
1729 3930 1836 4004 etiam
1851 3953 1959 4027 super
1973 3928 2096 4000 Eccle-

498 4046 644 4116 siastcm
660 4070 705 4118 eo
722 4045 804 4119 loco
821 4057 895 4143 quo
913 4047 1083 4121 dicitur⁸:
1105 4076 1123 4117 r
1146 4048 1234 4137 Quis
1250 4049 1317 4121 scit
1332 4049 1480 4147 spiritus
1494 4048 1650 4122 filiorum
1674 4049 1865 4123 hominurn
1882 4049 1912 4121 si
1925 4046 2097 4121 ascendat

499 4187 652 4252 sursum,
673 4179 708 4236 et
723 4165 867 4263 spiritus
883 4167 1022 4265 peeoris
1038 4166 1232 4240 descendat
1247 4165 1416 4240 deorsum
1433 4168 1472 4239 in
1490 4169 1604 4254 terra?
1621 4199 1639 4235 s
1654 4166 1743 4241 illud
1752 4167 1852 4266 quod
1863 4167 2001 4240 dictum
2012 4181 2065 4239 est
2083 4191 2093 4235 ε

503 4283 812 4356 «Generationem
834 4284 910 4380 ejus
925 4286 1007 4382 quis
1027 4283 1234 4359 enarrabit?
1256 4314 1275 4353 ιι
1293 4285 1340 4359 ad
1361 4287 1566 4386 exemplum
1586 4285 1742 4360 difficilis
1767 4310 1841 4359 non
1864 4282 2097 4386 impossibilis

500 4399 607 4472 trahit
623 4400 747 4473 diceus
764 4428 772 4471 ι
793 4389 1034 4499 (adjiciendo
1054 4405 1201 4502 «quis»
1218 4402 1462 4484 difficultatem
1477 4407 1529 4478 rei
1541 4405 1655 4478 voluit
1669 4403 1930 4479 demonstrare.
1952 4406 2096 4474 Prono·-

501 4518 730 4592 men'enim«
750 4520 857 4618 quis»
872 4521 908 4591 in
927 4522 1108 4621 scripturis
1123 4522 1268 4615 sanctis,
1285 4547 1359 4604 nou
1378 4547 1445 4623 pro
1461 4523 1685 4622 impossibili,
1696 4522 1761 4598 sed
1775 4547 1843 4623 pro
1861 4518 2096 4594 difficilisem·

501 4660 567 4733 per
582 4638 771 4734 accipitur,
790 4650 830 4710 ut
844 4636 893 4710 ibi
919 4665 927 4709 ε
951 4670 969 4705 α
987 4640 1265 4716 Generatiouem
1278 4642 1355 4739 ejus
1371 4641 1451 4739 quis
1467 4641 1673 4716 ensmabit?
1690 4641 1729 4715 id
1745 4656 1799 4716 est
1815 4640 1969 4731 Christi,
1986 4652 2056 4712 etc.
2076 4667 2094 4702 ι

533 4967 703 5042 mmmm,
722 4970 766 5023 tu.
791 4969 848 5034 vu,
871 4986 924 5036 cap.
943 4988 960 5026 t.
986 4975 1062 5041 Opp,
1080 4984 1100 5027 ι.
1113 4975 1156 5040 tu,
1175 4991 1193 5040 p
1214 4978 1268 5030 tat.
1324 4974 1434 5028 ‘Psatm
1458 4988 1530 5038 uxr,
1551 4989 1575 5027 ι.
1595 4943 1783 5027 ass-‘Psalm
1804 4984 1855 5034 cu,
1875 4985 1898 5020 ι.
1919 4974 1944 5022 t.
1958 4969 2096 5026 atus,

502 5069 516 5095 ⁸
531 5049 595 5100 Μ*
604 5064 679 5113 We
699 5051 869 5116 ΘιόιᾱΙοΙίιιι,
888 5059 957 5118 quast
979 5058 1048 5119 sta,
1069 5059 1095 5109 td
1111 5059 1242 5108 eatdnor.
1256 5075 1270 5102 ι
1324 5072 1379 5121 cap.
1398 5054 1764 5119 u11,v.s.-⁷ttnu.‚op.
1790 5064 1859 5112 1‚v.
1882 5055 1922 5103 20.
1939 5076 1969 5088 -
1985 5047 2096 5108 mett..

503 5127 652 5190 area,
674 5143 728 5193 cap.
748 5145 766 5191 r,
782 5145 804 5183 ι.
831 5134 1013 5188 1.-Ῥιι1ιιι.
1036 5149 1063 5198 ιι,
1085 5149 1107 5183 ι.
1131 5140 1183 5187 tat
1200 5139 1224 5189 t.
1241 5162 1272 5175 -
1324 5136 1418 5199 ttt,at.
1712 5145 1718 5158 ¹
1759 5135 1761 5141 '
