4559 6100
513 94 700 161 substantia.
714 92 812 177 Quod
826 95 927 158 homo
943 93 1011 158 sine
1027 115 1111 157 nova
1128 92 1231 183 gratia
1247 94 1346 182 possit
1364 90 1502 181 operari.
1515 87 1615 172 Quod
1630 90 1717 155 Deus
1732 111 1801 154 non
1815 88 1917 178 possit
1930 88 2004 180 plus
2019 89 2133 156 faoere

513 237 611 303 quam
634 214 721 295 facit,
751 236 811 278 nec
833 212 947 278 melius
968 211 1072 277 facere
1096 235 1194 302 quam
1217 212 1310 293 facit,
1334 235 1395 278 nec
1420 211 1512 276 aliter
1535 209 1641 275 facere
1666 218 1764 298 quam
1786 207 1874 274 facit.
1891 208 1990 291 Quod
2014 211 2133 275 anima

513 333 630 397 fflrnsti
645 356 712 398 non
729 332 895 398 descendit
910 331 952 397 ad
967 332 1097 397 inferos]
1117 332 1197 397 Haec
1219 348 1252 397 et
1267 332 1329 397 alia
1351 329 1513 397 indiculus
1527 345 1601 394 tuus
1616 329 1778 411 continet,
1796 352 1934 418 quorum
1950 330 2130 418 quedam,
2158 406 2160 408 ,

512 453 628 535 fateor,
655 453 768 519 Petrus
794 469 827 518 et
850 452 930 517 dixit
951 469 984 518 et
1012 453 1146 543 scripsit,
1182 452 1332 543 qutedam
1359 475 1437 518 vero
1463 473 1568 539 neque
1593 450 1729 540 protulit
1753 472 1858 539 neque
1884 451 2021 540 scripsit.
2040 451 2130 533 Qua

513 588 621 638 autem
645 571 778 652 dixerit,
802 588 835 638 et
850 596 922 660 quae
942 596 1009 637 non
1032 572 1167 656 dixerit,
1194 589 1227 639 et
1248 596 1345 663 quam
1366 571 1524 638 catholica
1547 586 1656 635 mente
1680 592 1719 636 ea
1736 593 1813 659 que
1831 569 1949 636 dixerit
1971 572 2126 652 senserit,

513 692 672 757 secundus
687 693 805 782 arrepti
821 693 925 781 operis
945 709 1097 758 tractatus
1113 693 1285 758 christiana
1308 691 1525 783 disputatione
1542 691 1692 756 ardenter
1711 706 1745 756 et
1768 690 1904 781 impigre
1928 688 2124 757 declarabit.

514 810 600 875 Nam
622 811 698 876 talia
718 829 793 876 sunt
813 835 885 900 quae
906 811 985 877 dilui
1005 810 1127 877 debent
1155 828 1251 900 atque
1272 810 1388 893 refelli,
1422 825 1459 875 ut
1482 833 1549 874 non
1570 810 1732 875 immerito
1753 811 1887 901 proprio
1917 826 2128 875 reserventur

514 928 682 997 volumini.
692 931 786 996 Nunc
801 930 939 996 illudent
954 932 1067 996 acriter
1082 929 1420 1021 persequendum,cur
1436 929 1485 993 vir
1497 945 1635 1009 sanctus,
1647 946 1682 996 et
1695 930 1730 994 in
1746 952 1803 994 ore
1819 929 1913 994 famae
1925 931 2127 996 nominatis-

515 1050 628 1129 simus,
644 1050 698 1138 qui
715 1049 864 1138 quaedam
881 1051 1014 1140 perenni
1030 1048 1213 1141 sepelienda
1230 1049 1356 1114 silentio
1373 1049 1496 1139 scriptis
1511 1047 1648 1138 propriis
1663 1046 1814 1131 tradidit,
1832 1048 1930 1113 Petro
1945 1048 2126 1114 Abarlardo

514 1170 671 1235 haereseos
685 1171 806 1236 crimen
826 1171 1005 1262 impegerit.
1024 1173 1105 1236 Rata
1124 1195 1264 1261 namque
1286 1186 1334 1236 est
1353 1170 1458 1253 fama,
1483 1185 1517 1234 et
1532 1168 1574 1233 ab
1591 1169 1723 1256 antiquo
1744 1169 1833 1258 quasi
1857 1184 1981 1234 naturae
1996 1168 2127 1259 legibus

514 1291 732 1380 promulgata,
752 1292 914 1355 neminem
931 1291 972 1356 de
988 1292 1082 1355 simili
1098 1291 1231 1357 crimine
1247 1292 1431 1380 quempiam
1447 1312 1540 1380 posse
1555 1290 1759 1355 convincere.
1777 1287 1878 1373 Quod
1902 1288 1981 1354 dum
1997 1288 2122 1368 fecisti,

472 1392 475 1401 ,
514 1425 548 1476 et
561 1411 781 1501 imprudenter
793 1428 826 1475 et
840 1411 1045 1501 impudenter
1061 1412 1166 1502 egisti.

560 1528 673 1595 Petrus
698 1546 875 1611 erraverat,
900 1546 981 1596 esto.
999 1532 1050 1621 Tu
1070 1553 1169 1619 quare
1189 1528 1322 1595 errasti?
1339 1529 1405 1594 Aut
1422 1530 1541 1612 sciens,
1562 1543 1617 1592 aut
1643 1526 1785 1592 nesciens
1805 1528 1931 1594 errasti.
1959 1527 1993 1592 Si
2017 1515 2126 1594 sciens

514 1651 637 1731 errasti,
653 1652 753 1716 hostis
772 1649 921 1715 Ecclesia
942 1649 1175 1740 comprobaris.
1194 1649 1226 1714 Si
1245 1650 1387 1716 nesciens
1404 1649 1535 1730 errasti,
1553 1646 1720 1737 quomodo
1736 1669 1771 1712 cs
1788 1646 1940 1713 defensor
1954 1647 2123 1729 Ecclesiae,

513 1769 568 1857 qui
586 1793 728 1836 errorem
744 1771 845 1836 nescis
870 1770 1069 1836 discernere?
1086 1771 1205 1835 Errasti
1226 1793 1300 1835 vere
1324 1768 1402 1834 dum
1420 1768 1577 1859 originem
1594 1768 1775 1832 animarum
1796 1765 1838 1831 de
1853 1765 1935 1832 eoelo
1961 1767 2125 1831 assemisti

514 1912 592 1956 esse.
611 1891 708 1973 Quod
732 1890 869 1980 qualiter
888 1891 922 1954 in
942 1889 1025 1956 libro
1042 1908 1182 1971 astruas,
1201 1891 1354 1980 quoniam
1373 1889 1452 1954 utile
1473 1904 1506 1954 et
1523 1888 1616 1953 facile
1637 1902 1685 1953 est
1703 1887 1856 1978 cognitu,
1879 1887 1985 1977 sagaci
2007 1885 2124 1951 lectori

514 2009 556 2073 ab
583 2010 687 2074 altiori
711 2009 841 2075 cardine
861 2013 1098 2077 retexam.‘Est
1117 2011 1200 2077 liber
1231 2036 1328 2103 quem
1353 2009 1508 2075 Hebraeus
1535 2039 1549 2065 «
1568 2007 1729 2073 Firasirim
1752 2038 1791 2088 υ,
1816 2007 1947 2073 Latinus
1972 2008 2125 2071 nominat

512 2130 680 2194 Canticum
704 2129 919 2217 Canticorum,
942 2134 1030 2216 cujus
1056 2131 1161 2198 littera
1196 2132 1401 2223 vigilantibus
1426 2131 1539 2195 animis
1568 2127 1684 2193 divinae
1709 2125 1877 2214 cujusdam
1901 2126 2124 2216 intelligentiae

513 2246 609 2312 sudat
631 2271 795 2313 arcanum.
814 2247 866 2312 Ad
881 2250 968 2313 hunc
984 2248 1102 2314 librum
1119 2251 1300 2315 Bernardus
1315 2274 1451 2315 manum
1470 2249 1676 2339 expositionis
1692 2246 1850 2337 applicqt3
1876 2262 1914 2312 ut
1931 2246 1973 2309 ab
1989 2246 2123 2310 hirsutis

467 2401 478 2412 ·
511 2366 626 2432 litterae
647 2366 806 2457 opusculis
827 2370 946 2459 egregii
961 2392 1070 2434 seusus
1086 2368 1211 2461 frugem
1227 2371 1350 2454 eliciat,
1370 2371 1469 2434 utitur
1485 2392 1561 2435 sane
1576 2367 1731 2433 mediocri
1750 2363 1786 2432 ¹et
1800 2382 1979 2457 temperato
2000 2388 2123 2455 genere

513 2484 654 2553 dicendi.
686 2487 750 2552 Sed
776 2487 855 2553 libet
881 2488 1047 2579 paululum
1074 2492 1288 2579 percunctari,
1313 2514 1371 2556 cur
1396 2489 1576 2556 Bernardus
1604 2504 1676 2579 post
1704 2503 1753 2553 tot
1777 2487 1948 2552 illustrium
1973 2486 2123 2549 virorum

512 2607 656 2692 sudores,
676 2606 730 2698 qui
751 2609 785 2673 in
802 2608 935 2699 praefato
952 2634 1051 2699 opere
1068 2634 1125 2675 sua
1139 2613 1268 2702 ingenia
1280 2612 1498 2693 contulerunt,
1511 2627 1583 2676 tarn
1599 2611 1763 2674 immensae
1779 2608 1953 2694 majestatis
1966 2605 2121 2671 volumen

512 2730 647 2794 tentavit
666 2730 700 2793 in
721 2729 826 2795 lucem
846 2729 1013 2819 proferre?
1035 2732 1119 2796 Nam
1140 2733 1167 2797 si
1192 2736 1329 2819 majores
1351 2734 1454 2799 nostri
1473 2732 1613 2823 plenarie
1637 2729 1896 2818 sufficienterque
1916 2726 1992 2792 libri
2023 2727 2120 2810 hujus

512 2848 651 2914 latebras
667 2849 889 2939 produxerunt
904 2850 939 2913 in
955 2850 1067 2931 solem,
1086 2853 1187 2918 miror
1203 2878 1266 2942 qua
1283 2854 1389 2920 fronte
1408 2877 1502 2918 ausus
1517 2856 1589 2918 tuo's
1606 2849 1787 2916 extenderis
1802 2849 1836 2913 in
1856 2871 1937 2937 opus
1952 2845 2121 2911 elimatum

513 2967 555 3032 ad
573 2992 725 3060 unguem.
745 2969 844 3053 Quod
858 2971 884 3033 si
902 2969 1007 3060 aliqua
1023 2989 1097 3035 sunt
1115 2973 1174 3036 tibi
1190 2972 1329 3038 revelata
1349 2988 1550 3038 sacramenta
1578 2993 1651 3061 quae
1667 2992 1780 3034 eorum
1801 2967 1950 3032 notitiam
1966 2965 2118 3056 fugerint,

511 3112 579 3153 non
595 3090 739 3173 invideo,
772 3092 838 3156 imo
860 3090 965 3155 labori
980 3093 1186 3158 vehementer
1202 3093 1376 3184 applaudo.
1400 3093 1464 3159 Sed
1483 3115 1687 3158 cumeorum
1703 3090 1932 3180 expositiones,
1949 3109 2119 3152 commen·

512 3222 644 3297 tumque
666 3224 759 3274 tuum
776 3210 925 3275 studiosis
949 3212 1079 3277 revolvo
1100 3214 1267 3294 manibus,
1294 3214 1375 3278 nihil
1400 3229 1431 3279 te
1456 3214 1532 3278 novi
1549 3211 1664 3277 dixisse
1685 3210 1864 3298 comperio,
1899 3209 1967 3272 imo
1989 3227 2119 3272 sensum

514 3326 653 3392 alienum
669 3331 773 3394 verbis
786 3332 848 3395 tuis
864 3331 1011 3396 vestitum
1025 3331 1245 3422 deprehendo.
1255 3333 1458 3423 Supervacua
1469 3333 1565 3424 igitur
1577 3331 1759 3421 explanatio
1771 3345 1826 3394 tua
1844 3326 2057 3393 essevidetur.
2069 3327 2119 3389 Ac

515 3468 556 3510 ne
566 3447 637 3535 quis
649 3471 701 3513 me
711 3465 803 3538 putet
810 3450 1034 3540 improbabilia
1045 3452 1288 3543 preloquutum,
1303 3452 1466 3543 proferam
1480 3474 1574 3540 super
1586 3450 1673 3515 bunc
1688 3447 1808 3513 librum
1816 3445 2010 3540 quadrigam
2021 3465 2118 3532 expo-

512 3576 647 3641 sitorum
673 3600 681 3642 ε
704 3577 877 3667 Origenem
899 3580 1018 3645 scilicet
1038 3605 1191 3671 graecum,
1214 3580 1421 3646 Ambrosium
1444 3578 1728 3656 mediolanensem,
1753 3575 1938 3641 Rheticium
1963 3587 2117 3662 augusto-

513 3693 707 3780 dunensem,
725 3696 847 3762 Bedam
860 3698 1074 3797 angligenam.
1092 3700 1240 3784 Quorum
1256 3701 1377 3789 primus
1395 3723 1469 3765 cum
1483 3701 1518 3763 in
1535 3698 1647 3764 ceteris
1656 3696 1757 3779 libris,
1772 3711 1808 3760 ut
1826 3695 1871 3760 ait
1888 3695 2116 3781 Hieronymus,

511 3813 636 3898 vicerit,
654 3819 688 3882 in
704 3819 843 3884 Canticis
865 3821 1071 3886 Canticorum
1092 3845 1126 3887 se
1150 3823 1256 3911 ipsum
1277 3821 1364 3886 vicit.
1392 3818 1558 3885 Secundus
1573 3841 1650 3884 vero
1666 3814 1827 3909 probabili
1853 3829 1887 3880 et
1905 3812 2034 3879 erudito
2056 3834 2119 3876 ser-

512 3956 609 3997 mone
636 3937 750 4026 Sponsi
772 3938 967 4030 Sponsaeque
990 3939 1127 4006 firmavit
1146 3964 1283 4007 amores.
1301 3940 1427 4006 Tertius
1445 3938 1689 4030 perplexitatem
1708 3934 1879 4001 voluminis
1904 3931 2035 3998 sublimi
2062 3952 2119 3995 ore

513 4053 672 4121 disseruit.
689 4055 828 4139 Quartus
850 4076 958 4122 autem
980 4061 1123 4144 ejusdem
1148 4060 1222 4126 libri
1246 4085 1348 4152 opaca
1379 4079 1502 4152 septem
1524 4058 1614 4123 libris
1637 4058 1786 4123 absolvit.
1812 4055 1891 4120 Post
1911 4051 2119 4139 tales'itaque

512 4192 545 4240 et
568 4192 634 4240 tarn
655 4175 828 4241 industrios
850 4179 948 4262 viros,
975 4179 1156 4244 Bernardus
1176 4200 1262 4262 arat,
1284 4175 1376 4270 quasi
1400 4178 1520 4268 aliquid
1536 4181 1729 4242 intentatum
1749 4174 1855 4240 nostri
1877 4175 2018 4259 majores
2041 4168 2118 4235 reli·

510 4298 649 4387 queriut.
660 4298 912 4363 Possemussane
925 4298 1202 4364 lucubrationibus
1212 4279 1321 4365 diserti
1337 4301 1484 4374 hominis,
1495 4299 1710 4389 acquiescere,
1727 4297 1788 4362 nisi
1803 4297 1910 4386 potius
1927 4291 2118 4383 tragoediam

510 4393 671 4482 videretur
693 4441 791 4508 quam
813 4419 1060 4484 commentarios
1082 4435 1205 4486 texere.
1229 4419 1392 4486 Patefacta
1412 4443 1552 4509 namque
1567 4418 1708 4509 quadam
1725 4434 1814 4509 parte
1837 4415 1957 4506 operis,
1984 4425 2119 4501 repente

513 4555 652 4607 mortem
675 4540 724 4605 sui
744 4539 848 4605 fratris
862 4539 1003 4625 inducit,
1020 4541 1054 4606 in
1069 4544 1159 4629 cujus
1174 4541 1294 4610 funeris
1309 4544 1532 4635 prosecutione
1548 4541 1629 4609 duos
1642 4565 1727 4634 pene
1746 4555 1922 4630 quaternos
1938 4531 2115 4602 consumit.
