4559 6100
1057 466 1317 539 TRACTMUS„
1335 464 1394 537 DE
1420 463 1762 541 tursttscunus

621 622 685 720 qui
700 635 755 694 est
774 618 984 692 intellectus.
1004 620 1052 706 Ac
1068 641 1191 692 rursus
1206 617 1285 713 quis
1312 615 1460 715 mcipiat
1486 616 1587 714 quod
1615 616 1810 712 intelligam
1834 643 1853 688 c

623 740 837 831 intellectus,
863 738 933 811 nisi
957 753 994 810 et
1017 736 1221 809 chimaeram
1248 734 1441 832 intelligam
1467 749 1503 807 et
1528 735 1587 808 illa
1612 737 1668 808 sit.
1683 735 1853 809 intellecti

623 860 789 932 chimaera
805 859 849 931 sit
865 858 1083 951 intellectus,
1107 860 1229 954 utique
1245 854 1374 952 etipsa
1390 868 1456 926 est.
1477 859 1519 926 Et
1536 879 1620 926 curn
1637 855 1841 930 chimaeram

622 979 786 1078 prolecto
806 991 843 1050 et
865 975 1051 1074 quoddam
1074 973 1208 1050 animal
1225 973 1513 1046 intellectui&
1529 989 1681 1047 constat.
1704 975 1755 1047 nd
1775 1001 1853 1073 quo·

623 1123 705 1172 cum
732 1098 868 1178 dicim
890 1096 1084 1193 «intelligo
1105 1094 1343 1167 chimeram»
1368 1092 1427 1165 rel
1454 1093 1655 1168 «chimera
1678 1094 1853 1191 intelligitr

622 1218 772 1290 nenio.
797 1217 836 1287 Si
858 1241 949 1289 vern
970 1215 1092 1288 dican
1110 1246 1127 1280 α
1140 1213 1304 1311 intelligo
1324 1211 1529 1285 chimeram
1553 1237 1633 1309 quas
1652 1228 1723 1304 est,
1736 1243 1754 1279 n
1784 1229 1853 1287 trar

625 1337 827 1435 propriam,
848 1336 934 1433 quia
952 1335 1031 1432 jam
1051 1357 1115 1433 per
1134 1331 1231 1406 liano
1251 1333 1456 1406 orationem
1478 1361 1496 1395 a
1510 1331 1678 1404 chimera
1704 1357 1784 1430 quse
1807 1347 1853 1405 est

624 1456 859 1555 personaliter
878 1455 927 1529 de
940 1479 983 1528 rc
995 1451 1131 1553 aliqua,
1152 1478 1233 1552 quae
1249 1451 1481 1525 constituitur
1498 1466 1534 1524 et
1550 1453 1699 1551 ponitur
1713 1477 1802 1526 esse.
1824 1457 1853 1524 N

626 1605 645 1644 «
660 1601 740 1673 quas
757 1590 810 1648 est
823 1604 841 1645 n
866 1600 942 1646 non
962 1574 1056 1672 equi
1073 1587 1173 1664 «σῃ»
1193 1571 1240 1643 nd
1253 1570 1456 1644 olrinsoeram
1472 1570 1597 1643 relatio
1616 1571 1656 1644 fit
1678 1597 1743 1671 per
1760 1572 1853 1644 lemir

624 1694 784 1791 ejusdem
801 1708 855 1766 cst
869 1693 1025 1791 generis,
1048 1716 1125 1765 non
1140 1689 1188 1763 ud
1205 1689 1439 1762 intellectum.
1469 1694 1511 1762 Et
1535 1690 1735 1763 notandum
1752 1691 1851 1789 quod

623 1837 708 1886 cum
724 1812 780 1884 bes
801 1811 882 1885 duae
897 1813 1103 1884 orationes:
1125 1839 1143 1878 n
1159 1808 1319 1906 intelligo
1334 1808 1539 1881 chimaeram
1557 1838 1575 1876 n
1598 1825 1633 1884 et
1653 1809 1802 1883 «habeo
1819 1825 1853 1881 ta

625 1932 703 2028 ejus
725 1932 797 2003 sint
817 1955 943 2003 sensus
962 1955 1028 2029 per
1044 1954 1084 2001 se
1099 1928 1216 2021 dictas,
1235 1928 1320 2000 ideo
1342 1927 1487 2000 cuilibet
1509 1927 1615 2000 alicui
1637 1929 1839 2026 conjunctas

625 2050 758 2122 lectum
782 2064 946 2140 servent,
974 2049 1059 2147 quia
1083 2072 1176 2147 saepe
1202 2048 1280 2146 ejus
1301 2072 1426 2120 sensus
1449 2061 1534 2119 sunt
1558 2072 1742 2120 sermones
1765 2073 1853 2147 per:

626 2170 687 2267 qui
704 2184 825 2241 tamen
842 2170 883 2240 in
897 2180 1065 2240 contextu
1082 2168 1359 2239 constructionis
1375 2166 1481 2265 longe
1497 2166 1604 2240 aliern
1623 2168 1697 2239 vim
1714 2167 1852 2239 babent

674 2290 758 2361 llaec
774 2286 820 2360 de
836 2286 1152 2387 speculationibus,
1170 2286 1243 2359 hoe
1258 2300 1312 2362 est
1327 2285 1580 2376 intellectibus,
1598 2284 1695 2358 dicta
1710 2311 1809 2364 nnnc
1825 2312 1853 2358 st

675 2526 870 2610 annrrnn
886 2547 931 2595 an
953 2522 1029 2595 hac
1053 2522 1182 2594 divisio
1205 2546 1332 2594 eorum
1354 2548 1433 2620 qnae
1456 2535 1565 2594 sunt.
1588 2520 1713 2595 «aliud
1740 2536 1793 2594 est
1814 2547 1853 2593 su

628 2640 808 2734 accidens,
826 2668 846 2709 u
864 2642 911 2713 sit
925 2640 1118 2713 sufficiens.
1138 2640 1251 2729 Quod
1264 2641 1293 2713 si
1310 2641 1544 2730 concedatur,
1564 2655 1651 2712 trine
1668 2664 1751 2711 cum
1768 2641 1853 2711 ratic

628 2783 704 2833 esse
727 2758 962 2832 substantiam
983 2760 1041 2832 vel
1056 2760 1236 2833 accidens.
1256 2760 1294 2831 Si
1310 2775 1434 2834 autem
1447 2758 1615 2834 accidem
1630 2758 1754 2851 fuerit,
1774 2771 1853 2856 pote

628 2905 668 2977 ρ.
691 2904 797 2970 s.>c.;
815 2879 1059 2977 quodfalsum
1080 2895 1147 2969 est,
1168 2882 1253 2977 quia
1275 2879 1518 2953 substantialis
1538 2879 1739 2952 differentia
1761 2878 1853 2951 abest

628 3012 850 3096 corrumpat.
868 2998 1035 3072 Similiter
1051 3000 1258 3073 etiamnum
1274 3000 1431 3098 populus
1445 3000 1503 3093 sit,
1521 3000 1578 3072 vel
1594 2999 1782 3088 exercitus,
1801 2997 1853 3069 vel

630 3116 686 3189 vel
713 3115 881 3188 accidens
905 3141 981 3189 esse
1004 3142 1150 3190 necesse
1172 3133 1238 3191 est.
1258 3120 1296 3189 Si
1315 3118 1513 3191 substantia
1540 3142 1617 3190 esse
1642 3117 1853 3199 conoedatur

629 3237 862 3334 incorporee;
876 3237 906 3308 si
919 3261 1106 3336 corporee,
1118 3237 1175 3310 sel
1191 3237 1347 3310 animata
1357 3238 1416 3309 vel
1430 3238 1643 3329 inanimata3
1662 3237 1692 3307 si
1709 3236 1853 3308 aninsatz

629 3353 864 3447 insensibilis;
888 3357 919 3427 si
940 3355 1139 3444 sensibilis,
1165 3355 1321 3451 animal,
1347 3356 1447 3454 quod
1470 3356 1596 3427 laisum
1619 3379 1700 3428 esse
1718 3353 1853 3426 ridetur

629 3471 755 3545 dieunt
778 3472 939 3570 quotide
956 3498 1187 3574 utrocumque
1205 3500 1331 3548 sertam
1346 3491 1400 3549 est
1421 3475 1558 3569 dicere,
1584 3503 1603 3541 e
1626 3473 1720 3546 istud
1736 3487 1790 3545 est
1806 3497 1853 3543 nn

629 3616 758 3665 verum
773 3607 826 3664 est
847 3591 966 3665 dicere
981 3617 1060 3665 csse
1075 3593 1311 3667 subdentium
1334 3595 1391 3668 rel
1413 3594 1592 3669 accidens.
1611 3594 1655 3665 Hi
1677 3608 1798 3667 tamen
1821 3616 1853 3661 n·

630 3734 739 3783 unam
763 3690 898 3783 debere
920 3711 993 3784 dici
1016 3713 1116 3810 qnod
1137 3739 1203 3813 per
1219 3739 1311 3816 opus
1332 3716 1523 3791 bominum
1541 3712 1651 3786 habet
1671 3711 1853 3785 existentia

629 3829 730 3926 quod
751 3828 860 3902 habet
878 3845 997 3929 partes
1014 3831 1244 3928 disgregatus,
1258 3837 1349 3908 sicut
1366 3833 1537 3933 populus,
1556 3832 1623 3905 sed
1637 3831 1709 3904 hoe
1725 3843 1853 3905 tantun

629 3949 730 4046 quod
761 3949 969 4022 naturaliter
992 3965 1064 4043 est,
1093 3953 1152 4025 vel
1177 3969 1295 4052 partes
1318 3954 1489 4027 coertinne
1513 3952 1704 4052 dispositas
1733 3965 1853 4022 natura

630 4093 740 4165 quarn
762 4069 1052 4143 irrationabiliter
1072 4088 1180 4169 agant
1200 4090 1364 4173 apertum
1387 4089 1453 4147 est.
1476 4078 1611 4146 Contra
1633 4072 1705 4145 hoe
1722 4071 1830 4143 etiam

632 4210 704 4261 una
719 4211 775 4258 res
791 4189 853 4276 sit,
873 4190 964 4262 sicin
979 4174 1179 4290 exponunt,
1196 4209 1358 4267 montem
1379 4219 1463 4266 eum
1477 4192 1569 4265 valle
1587 4206 1623 4265 et
1644 4214 1751 4288 aqua,
1769 4214 1850 4288 quae

630 4318 750 4399 partes
763 4306 952 4385 continuas
973 4307 1128 4402 babent,
1146 4336 1256 4384 unam
1280 4338 1359 4385 rem
1378 4311 1578 4386 concedere
1594 4308 1747 4402 debent,
1773 4323 1809 4380 et
1825 4332 1853 4379 ct

629 4446 721 4519 pore
736 4437 772 4494 et
786 4423 954 4498 albedine
973 4427 1153 4519 similiter,
1171 4445 1207 4502 et
1222 4432 1272 4503 sic
1289 4457 1367 4504 esse
1381 4430 1619 4503 substantiam
1638 4430 1696 4501 vel
1711 4426 1853 4501 acciden

630 4537 687 4612 sel
713 4565 846 4640 corpus
866 4542 924 4615 rel
950 4544 1126 4635 aliudusi
1150 4572 1294 4646 corpus,
1322 4550 1381 4622 rel
1404 4550 1529 4629 aibtsm
1553 4548 1610 4621 rel
1635 4571 1736 4638 non3
1761 4546 1795 4623 si
1818 4544 1851 4617 al

627 4658 758 4733 eudem
775 4676 866 4733 esset
880 4686 962 4760 pars
982 4663 1139 4738 formalis
1162 4681 1197 4739 et
1219 4668 1400 4766 integralis
1415 4669 1589 4767 ejusdem.
1614 4665 1678 4739 Alii
1697 4689 1787 4738 reru
1806 4663 1853 4735 ‹lu

664 4890 812 4957 'lineasque
827 4906 891 4956 epus
906 4895 937 4944 de
954 4894 1128 4946 intellectibus.
1147 4894 1181 4946 Ea
1197 4910 1252 4959 qua
1270 4907 1406 4961 sequuntur
1458 4901 1628 4950 controversia
1649 4900 1680 4948 de
1699 4896 1853 4947 Untrersattbt

626 4971 656 5020 ln
670 4974 754 5023 codice
766 4975 918 5023 bthttotnece
933 4975 1118 5026 Abrincatarum
1134 4990 1183 5028 uon
1195 4986 1253 5028 sunt
1268 4979 1404 5039 Abatardtc
1458 4982 1592 5032 omittenda
1603 4994 1656 5031 esse
1669 4981 1791 5030 duxtrnns.

628 5051 683 5112 elus
701 5059 781 5103 tamen
798 5054 933 5105 doctrinam
948 5069 1004 5106 eun
1019 5058 1155 5121 nituntur,
1170 5067 1195 5110 et
1205 5061 1311 5123 attonem
1325 5062 1403 5111 lucem

753 5162 776 5201 tt
