4559 6100
713 545 758 616 ΙΝ
783 542 1029 616 Ettsrotttt
1057 546 1114 616 hl)
1142 545 1366 616 ROMANOS.
1734 558 1739 566 '
1765 549 1831 620 att

246 690 507 787 primogenitus
523 691 558 760 in
576 691 696 762 multis
722 691 931 784 fratribus»
948 693 985 764 id
1009 708 1061 764 est
1086 694 1178 764 inter
1202 693 1335 765 multos
1359 693 1420 790 qui
1444 692 1603 786 ejusdem
1621 697 1732 767 Patris
1755 714 1838 770 sunt

247 808 308 879 lilii
331 833 397 907 per
424 808 681 907 adoptionem,
709 813 784 909 ipse
810 814 873 908 qui
901 837 965 910 per
992 825 1159 884 naturam
1184 810 1278 882 filius
1293 825 1368 899 est,
1390 836 1489 882 more
1517 815 1837 909 primogenitorum
1913 834 1928 842 ··

246 928 392 999 excellat
408 928 594 1025 dignitate,
614 954 688 1001 uon
705 933 755 1001 eis
772 931 980 1028 adaequetnr
996 931 1241 1023 similitudine,
1258 933 1348 1003 sicut
1361 946 1396 1003 et
1411 933 1485 1029 ipse
1500 933 1592 1004 Patri
1609 934 1752 1030 aequalis
1769 953 1842 1017 est·

247 1051 347 1142 cujus
370 1050 488 1144 imago
512 1063 579 1120 est.
608 1051 679 1137 Qui
706 1062 825 1123 autem
852 1051 1149 1148 praedestinantur
1174 1050 1297 1140 electi,
1325 1050 1362 1121 id
1389 1066 1442 1121 est
1467 1049 1513 1121 ad
1536 1052 1645 1123 vitam
1670 1067 1838 1126 aeternam

248 1163 492 1265 praeparantur
520 1191 585 1266 per
612 1166 723 1241 fidem
752 1170 953 1261 illuminati,
983 1193 1094 1265 qnam
1122 1170 1241 1267 primo
1271 1184 1442 1266 tanquam
1467 1171 1630 1240 omnium
1657 1172 1837 1244 honorum

247 1284 522 1358 fundamentum
537 1275 749 1386 suacipiunt,
766 1304 941 1360 vocantur
956 1286 1193 1386 postmodum
1209 1312 1274 1387 per
1290 1312 1389 1386 spem
1408 1287 1527 1376 illecti,
1545 1313 1628 1359 cum
1641 1279 1717 1384 jam
1733 1293 1838 1365 mise·

248 1404 402 1477 ricordia
417 1407 484 1477 Dei
505 1391 544 1478 vet
563 1407 694 1479 virtute
714 1422 1019 1480 sacramentorum
1037 1408 1179 1504 cognita
1201 1406 1247 1479 ad
1263 1407 1358 1478 bene
1378 1406 1602 1505 operandum
1620 1408 1835 1501 alliciuntur,

248 1539 395 1624 propter
411 1541 626 1598 aeternorum
646 1528 778 1598 scilicet
793 1527 1064 1598 retributionem
1083 1553 1091 1596 :
1112 1526 1244 1598 deinde
1256 1525 1498 1622 justificantur
1520 1528 1665 1598 sincerae
1685 1532 1839 1603 caritatis

247 1643 396 1734 allecta,
424 1669 495 1717 non
518 1646 594 1741 jam
619 1650 696 1717 Deo
723 1660 796 1718 tam
823 1661 972 1746 propter
996 1670 1061 1718 sua
1088 1671 1197 1743 quam
1223 1660 1371 1745 propter
1395 1649 1513 1745 ipsum
1538 1645 1777 1740 adhaerentes,
1804 1669 1839 1723 et

234 1764 403 1861 >denique
417 1764 691 1862 magnificantur
704 1767 740 1837 in
758 1766 891 1839 coelesti
901 1766 1033 1837 scilieet
1050 1767 1163 1865 patria
1177 1764 1370 1838 sublimati.

265 1885 453 1971 „Quaestio
476 1910 514 1956 se
538 1886 608 1957 hoc
632 1879 713 1957 loco
736 1887 865 1982 ingerit
889 1885 936 1956 de
955 1885 1076 1957 divina
1092 1885 1225 1984 scilicet
1241 1883 1489 1984 providentia,
1516 1911 1578 1959 seu
1605 1891 1839 1987 pradestina-

250 2005 348 2077 tione
371 2029 452 2101 quae
467 2005 619 2078 liberum
636 2006 743 2077 nobis
767 2006 952 2078 arbitrium
972 2005 1110 2077 auferre
1131 2004 1286 2097 videtur,
1314 2029 1397 2076 cum
1423 2007 1546 2078 omnia
1564 2009 1728 2083 videlicet
1750 2015 1840 2086 sicut

250 2147 271 2194 a
291 2128 367 2219 Deo
386 2127 534 2223 ptaevisa
554 2139 651 2217 sunt,
672 2151 816 2199 necesse
841 2128 886 2198 sit
907 2127 1061 2217 evenire,
1091 2148 1160 2197 nec
1184 2105 1338 2221 aliquem
1358 2107 1649 2223 praedestinatum
1672 2133 1840 2228 possibile

250 2245 295 2313 sit
309 2246 435 2341 perire.
451 2247 599 2317 Certum
616 2247 750 2345 quippe
769 2259 820 2318 est
841 2247 963 2317 omnia
978 2261 1171 2343 antequam
1194 2244 1282 2317 liant
1297 2269 1341 2317 eo
1359 2244 1470 2317 modo
1488 2269 1562 2341 quo
1581 2247 1700 2321 futura
1716 2268 1799 2324 sunt
1820 2279 1840 2327 a

251 2367 329 2435 Deo
352 2389 426 2436 esse
454 2366 619 2464 praevisa,
645 2366 719 2437 sive
736 2365 834 2437 bona
857 2368 927 2436 sint
950 2367 1023 2438 sive
1045 2365 1161 2456 mala;
1182 2388 1249 2436 nec
1272 2366 1308 2435 in
1331 2365 1453 2462 aliquo
1480 2366 1739 2462 providentiam
1764 2374 1840 2468 ejus

251 2506 356 2578 posse
381 2482 462 2584 falli.
484 2488 575 2555 Cum
600 2485 718 2581 itaque
734 2483 834 2555 hunc
857 2484 1042 2556 hominem
1067 2486 1129 2581 qui
1153 2483 1244 2555 forte
1261 2483 1523 2555 moechaturum
1549 2498 1614 2573 est,
1639 2489 1841 2585 praeviderit

251 2602 513 2675 moechaturum
533 2628 624 2691 esse,
649 2627 794 2677 necesse
819 2619 872 2676 est
895 2629 978 2676 eum
1001 2604 1264 2675 moechaturum
1288 2627 1375 2674 esse.
1404 2603 1511 2690 Quod
1538 2606 1567 2675 si
1591 2629 1675 2678 eum
1697 2633 1841 2683 necesse

249 2736 391 2794 estesse
408 2723 685 2814 ntoechaturum,
699 2722 770 2795 hoc
786 2739 838 2795 cst
851 2723 1069 2813 inevitabile,
1082 2722 1157 2822 jam
1176 2747 1250 2793 non
1269 2736 1321 2794 est
1339 2724 1374 2794 in
1394 2721 1506 2794 libero
1523 2724 1599 2820 ejus
1611 2726 1760 2800 arbitrio
1778 2753 1841 2805 sen

250 2857 424 2939 potestate
447 2859 635 2942 peccatum
652 2843 724 2916 hor
748 2845 893 2916 evitare.
915 2849 996 2917 Non
1018 2868 1102 2941 ergo
1126 2858 1275 2942 propter
1298 2841 1369 2914 hoc
1391 2858 1579 2941 peccatum
1601 2848 1700 2944 quod
1723 2851 1842 2924 nulla-

252 2978 352 3036 tenus
369 2965 502 3037 evitare
517 2965 647 3064 potuit,
668 2987 750 3035 reus
767 2978 819 3036 est
836 2963 1119 3035 constituendus.
1141 2966 1254 3061 Atque
1269 2962 1317 3033 ita
1334 2963 1457 3035 omnia
1475 2964 1620 3036 malain
1641 2968 1706 3039 Dei
1721 2973 1842 3068 provi·

251 3084 410 3156 dentiam
423 3100 594 3182 tanquam
607 3110 733 3157 eorum
747 3085 982 3156 necessariam
997 3107 1140 3155 cansam
1155 3082 1395 3179 retorquenda
1407 3082 1586 3174 videntur,
1605 3102 1641 3158 et
1656 3089 1707 3159 sic
1721 3094 1843 3163 omnia

252 3228 295 3275 eo
319 3205 431 3275 modo
453 3229 526 3301 quo
551 3205 725 3276 eveniunt
750 3203 951 3274 necessario
976 3202 1180 3301 provenire,
1212 3226 1296 3272 cum
1321 3202 1455 3273 scilicet
1476 3204 1526 3274 sic
1551 3228 1572 3275 a
1595 3208 1672 3276 Deo
1695 3212 1843 3304 praerisa

252 3325 393 3412 luerint,
421 3347 488 3395 nec
512 3324 586 3396 ullo
603 3324 716 3395 modo
739 3324 841 3394 aliter
867 3346 970 3420 posse
995 3321 1217 3417 contingere.
1243 3324 1315 3391 Nos
1334 3335 1455 3392 autem
1480 3323 1731 3417 concedimus,
1759 3352 1842 3400 eum

251 3444 315 3538 qui
332 3444 572 3536 moechaturus
589 3458 644 3516 est
658 3443 858 3514 necessario
877 3440 1140 3512 moechaturum
1159 3464 1249 3529 esse,
1269 3464 1352 3510 curn
1368 3439 1407 3510 id
1428 3443 1524 3511 Deus
1538 3443 1760 3542 praeviderit3
1780 3448 1843 3519 sed

253 3586 329 3633 non
348 3561 429 3633 ideo
443 3564 649 3661 simpliciter
665 3561 736 3633 dici
754 3562 923 3633 convenit
945 3584 1027 3631 eum
1049 3583 1124 3630 esse
1139 3560 1338 3631 necessario
1354 3558 1628 3632 moechaturum.
1649 3567 1727 3633 Non
1746 3569 1842 3637 enirn

252 3684 327 3754 haec
355 3682 504 3755 modalis
526 3708 608 3754 curn
631 3683 928 3754 determinatione
946 3679 1044 3751 illam
1068 3678 1268 3775 simplicem
1292 3678 1410 3768 infert,
1437 3679 1483 3751 de
1503 3704 1576 3777 quo
1598 3682 1745 3779 quidem
1764 3683 1844 3756 dili-

252 3804 390 3898 gentius
403 3802 650 3874 disserendum
668 3806 701 3872 Τ
695 3801 875 3899 heologiaa¹
895 3815 1025 3871 nostrae
1040 3821 1277 3886 reservamus,
1297 3813 1333 3870 et
1348 3822 1427 3894 quae
1442 3798 1641 3872 differentia
1664 3803 1709 3873 sit
1724 3806 1843 3901 provi·

252 3922 380 3994 dentiae
394 3948 438 3995 ac
453 3921 773 4021 praedestinationis
793 3944 856 3991 seu
874 3918 947 3991 lati.
1847 3924 1851 3933 '

303 4040 433 4128 «Quid
461 4065 559 4137 ergo.
580 4071 595 4105 r
628 4038 932 4136 Quandoquidem
959 4042 1055 4110 Deus
1080 4040 1129 4111 ita
1155 4037 1200 4109 de
1227 4052 1348 4109 nostra
1373 4038 1544 4110 sollicitus
1572 4054 1625 4110 est
1649 4041 1774 4133 salute,
1808 4059 1845 4114 ut
1895 4052 1898 4065 ¹

253 4161 479 4260 praesciverit,
496 4160 732 4259 praedestinet,
752 4159 1024 4256 praedestinatos·
1036 4172 1152 4250 vocet,
1172 4172 1316 4230 vocatos
1334 4156 1515 4255 justificet,
1537 4158 1748 4255 justificatos
1770 4186 1846 4234 ma·

255 4280 411 4373 gnificet,
431 4310 449 4347 n
462 4281 550 4376 quid
570 4279 731 4352 dicemus
746 4278 792 4350 ad
810 4278 900 4366 haec,
914 4305 932 4344 n
951 4277 988 4349 id
1005 4293 1057 4349 est
1073 4292 1198 4349 contra
1217 4277 1291 4348 haec
1308 4275 1409 4375 quod
1428 4276 1724 4375 impedimentum
1745 4296 1847 4378 pote-

257 4404 370 4473 rimus
389 4400 573 4471 inveniret
589 4399 734 4470 Nullum
752 4399 877 4495 utique
895 4424 903 4469 t
924 4398 1009 4494 quia
1025 4400 1087 4469 etsi
1105 4423 1147 4468 ex
1164 4394 1270 4468 nobis
1289 4395 1421 4467 infirmi
1438 4421 1574 4487 sumus,
1592 4428 1609 4463 ι(
1625 4400 1704 4494 quis
1722 4410 1847 4471 eontra

257 4545 324 4592 nos
338 4548 355 4587 u
374 4519 565 4623 praevalere
581 4519 725 4618 poterit,
750 4549 766 4584 α
782 4518 811 4589 si
827 4522 924 4589 Deus
942 4542 1008 4616 pro
1023 4515 1142 4608 nobis,
1162 4543 1179 4582 u
1199 4515 1236 4587 id
1258 4531 1310 4586 est
1327 4540 1409 4587 cnm
1432 4520 1547 4587 Deum
1566 4515 1764 4589 habeamus
1784 4540 1847 4619 pa·

257 4654 404 4712 tronum
418 4641 498 4711 lDe
518 4638 620 4735 cujus
632 4637 780 4735 quidem
792 4638 996 4735 patrocinio
1010 4635 1065 4707 vel
1078 4635 1287 4707 defensione
1302 4659 1411 4732 quarn
1426 4635 1541 4706 securi
1560 4660 1637 4708 esse
1653 4638 1845 4726 valeamus,

258 4760 414 4831 adnectit
444 4754 745 4830 commemorans
767 4756 842 4852 ejus
873 4756 1088 4851 singularem
1120 4755 1347 4826 dilectionem
1383 4779 1490 4852 quam
1525 4755 1632 4826 nobis
1666 4757 1845 4845 exhibuit,

262 4880 386 4953 dicens
416 4904 425 4951 :
458 4910 476 4946 a
491 4879 561 4966 Qui
589 4902 664 4948 non
693 4876 853 4975 pepercit
878 4876 984 4947 etiam
1014 4876 1162 4975 proprio
1190 4871 1264 4945 filio
1292 4898 1373 4965 suo,
1391 4903 1408 4942 n
1428 4873 1743 4965 consubstantiali,
1774 4899 1848 4946 non

293 5162 299 5186 ¹
314 5144 615 5218 victumularum
628 5152 754 5217 Throlnp,
768 5152 811 5202 lib.
825 5148 870 5215 ΙΙΙ,
886 5144 931 5200 sub
944 5150 1030 5212 fluam,
1046 5165 1070 5211 r.
1088 5151 1130 5201 tlt
1143 5158 1172 5198 et
1181 5162 1236 5211 sqq.
1249 5149 1349 5211 hujrsre
1363 5150 1482 5198 adtttouls.

377 5267 401 5307 ιι
