4559 6100
1483 673 1996 747 Tflssotoem
2047 671 2588 762 cunts‘rlANA.
3489 672 3633 744 437

532 823 609 895 Si
664 835 905 895 antem
963 835 1129 921 post
1181 821 1595 919 virginalem
1649 821 2148 894 castimoniam
2202 821 2296 894 ad
2341 819 2791 917 conjugalem
2854 821 3357 917 transmigrare
3402 820 3632 918 juvet,

441 958 855 1042 quantaque
904 942 1326 1033 reverentia,
1386 966 1604 1040 quam
1655 942 1934 1039 integro
1983 966 2228 1014 amore
2276 941 2496 1014 fidem
2533 940 2846 1037 conjugii
2902 940 3187 1013 illaesam
3234 966 3516 1013 servare
3566 956 3638 1014 et

441 1065 708 1135 Gentes
741 1061 1120 1156 studerint,
1158 1086 1294 1134 nec
1326 1062 1397 1134 in
1434 1061 1547 1133 his
1579 1063 2072 1162 exemplorum
2108 1061 2318 1161 copia
2355 1059 2682 1132 defuerit.
2726 1063 3011 1133 Praestat
3042 1060 3114 1132 in
3154 1060 3483 1159 exemplo
3518 1061 3636 1134 illa

441 1183 803 1276 Lucretia,
867 1207 1083 1280 quam
1160 1207 1414 1254 omnes
1482 1183 1627 1254 fere
1683 1183 1989 1254 Romani
2046 1196 2192 1253 tam
2252 1195 2482 1280 poetae
2532 1205 2757 1277 quam
2802 1180 3360 1279 historiographi
3406 1180 3639 1277 dignis

441 1302 774 1375 laudibus
804 1327 938 1400 pro
967 1304 1300 1376 castitatis
1334 1326 1580 1375 amore
1608 1305 1846 1375 conati
1882 1317 2052 1374 sunt
2085 1301 2365 1373 efferre.
2409 1300 2616 1372 Unde
2649 1314 2756 1372 est
2790 1299 2965 1372 illud
2993 1300 3255 1372 Valerii
3286 1300 3632 1392 Maximi¹,

449 1452 482 1487 α
509 1422 837 1494 Lucretia
877 1447 918 1494 a
949 1423 1336 1519 Tarquinio
1379 1448 1509 1522 per
1534 1425 1682 1495 vim
1716 1438 2044 1522 stuprum
2075 1422 2225 1523 pati
2257 1436 2533 1511 coacta,
2572 1445 2739 1492 cum
2783 1422 3121 1518 injuriam
3154 1445 3359 1493 suam
3393 1446 3638 1493 coram

443 1542 690 1615 amicis
722 1542 868 1614 suis
902 1541 1367 1640 deplorasset,
1404 1543 1591 1615 ferro
1628 1568 1703 1614 se
1735 1543 1935 1639 quod
1974 1556 2167 1614 veste
2204 1556 2472 1614 tectum
2519 1542 2851 1614 attulerat
2883 1541 3268 1614 interemit.
3305 1571 3339 1608 n
3382 1546 3632 1613 Item²z

450 1692 485 1730 «
525 1662 862 1754 Plautina,
910 1662 1254 1735 Orestillae
1305 1663 1544 1736 uxoris
1589 1689 1732 1736 suae
1779 1677 2010 1735 morte
2060 1662 2340 1754 audita,
2398 1662 2642 1733 stricto
2693 1661 2880 1734 ferro
2933 1661 3303 1753 incubuit,
3346 1661 3643 1759 ejusque

448 1807 694 1854 amore
727 1806 805 1854 se
840 1782 1265 1856 interfecit.»
1294 1787 1471 1855 Item
1507 1783 1739 1855 idem⁸
1775 1811 1791 1856 z
1830 1812 1864 1851 c«
1893 1784 2132 1855 Portia
2150 1783 2442 1855 Catonis
2475 1781 2620 1854 filia
2643 1806 2809 1854 cum
2843 1781 3038 1882 apud
3078 1781 3443 1880 Philippos
3469 1782 3643 1853 inte-

449 1915 761 1974 remtum
808 1902 1043 1974 virum
1079 1927 1288 1974 suum
1323 1907 1621 1976 Brutum
1652 1903 1990 1991 audisset,
2029 1904 2199 2001 quia
2235 1902 2502 1974 ferrum
2538 1901 2817 1992 deerat,
2861 1901 3195 1973 ardentes
3228 1926 3354 1973 ore
3387 1900 3642 1974 carbo-

448 2046 575 2093 nes
608 2021 898 2094 haurire
930 2045 1078 2093 non
1102 2020 1478 2115 dubitavit,
1512 2047 1707 2095 novo
1733 2048 1990 2119 genere
2009 2022 2260 2095 mortis
2277 2036 2620 2094 assumto.
2652 2051 2688 2090 υ
2720 2026 2807 2092 Et
2830 2022 3078 2094 item⁸z
3118 2050 3151 2088 «
3183 2022 3641 2120 Hypsicratea

447 2139 937 2214 Mithridatem
965 2142 1349 2238 conjugem
1381 2167 1590 2215 suum
1624 2167 1792 2215 vere
1829 2143 2119 2236 amavit,
2157 2157 2452 2242 propter
2485 2167 2703 2239 quem
2737 2142 2982 2214 formae
3016 2164 3157 2215 suae
3190 2142 3530 2214 decorem
3568 2144 3642 2214 in

446 2258 774 2333 habitum
810 2260 1088 2332 virilem
1137 2263 1513 2334 convertit.
1555 2262 1804 2335 Tonsis
1834 2264 2028 2335 enim
2063 2262 2363 2360 capillis,
2403 2287 2592 2359 equo
2627 2286 2703 2334 se
2748 2277 2820 2333 et
2861 2261 3078 2334 armis
3112 2263 3454 2349 assuevit,
3492 2289 3642 2360 quo

448 2377 723 2451 facilius
756 2379 907 2476 ejus
952 2378 1321 2451 laboribus
1352 2381 1742 2454 interesset.
1778 2410 1814 2451 n
1864 2384 2042 2470 Quis
2074 2383 2317 2479 itaque
2361 2406 2511 2453 non
2564 2380 2887 2453 attendat
2919 2396 3268 2479 quantum
3321 2383 3392 2453 in
3443 2384 3643 2454 omni

449 2512 658 2595 gente
717 2523 1003 2597 semper
1055 2504 1211 2573 Deo
1273 2516 1564 2600 accepta
1630 2502 1841 2574 fuerit
1895 2502 2130 2574 carnis
2173 2503 2538 2599 integritas
2580 2516 2652 2573 et
2699 2501 3145 2573 continentia
3179 2501 3337 2573 vitae
3361 2557 3381 2589 ,
3432 2527 3637 2594 cum,

446 2617 661 2691 beato
708 2620 924 2691 etiam
960 2634 1336 2693 attestante
1367 2622 1838 2719 Hieronymo,
1891 2621 2348 2721 supradictae
2380 2646 2507 2693 vm
2558 2620 2839 2717 Sybillae
2892 2646 2976 2692 ex
3030 2620 3449 2717 virginitatis
3499 2647 3644 2694 suae

439 2739 713 2814 ‚decore
750 2739 1082 2837 spiritum
1132 2756 1549 2813 meruerunt
1594 2740 2023 2840 prophetiae,
2082 2742 2207 2839 qui
2264 2755 2337 2812 et
2388 2739 2761 2814 Claudiam
2807 2740 3149 2812 vestalem
3203 2741 3548 2836 virginem
3602 2770 3645 2815 a

449 2860 877 2957 suspicionis
911 2858 1073 2931 labe
1101 2874 1482 2959 protegens
1516 2859 1955 2935 admirabilis
1986 2862 2166 2958 signi
2201 2859 2551 2933 miraculo
2575 2884 2724 2930 non
2745 2860 2988 2930 tacuit.
3032 2863 3120 2931 Et
3150 2859 3326 2957 quid
3350 2862 3640 2956 mirum,

451 3005 616 3054 cum
649 2981 794 3054 hoc
826 2980 926 3053 illi
958 2982 1399 3056 continentia
1440 2982 1592 3055 vitae
1615 2981 2021 3070 contulerit,
2059 2982 2121 3055 si
2154 3007 2413 3079 magna
2437 2980 2631 3082 apud
2665 2984 2901 3054 Deum
2941 2982 3422 3080 promeruerit
3453 2998 3646 3057 tanta

452 3101 1052 3201 philosophorum
1086 3101 1518 3176 abstinentia
1550 3118 1621 3176 et
1648 3103 2119 3194 continentia,
2157 3129 2325 3176 cum
2365 3102 2517 3174 haec
2551 3115 2752 3174 tanto
2787 3100 3257 3174 laudabiliora
3303 3103 3376 3174 in
3411 3104 3512 3176 eis
3544 3108 3647 3176 vi-

453 3223 740 3312 dentur,
775 3234 846 3292 et
878 3221 1131 3317 majori
1164 3221 1566 3320 reputanda
1599 3223 1886 3314 merim,
1922 3237 2198 3320 quanto
2237 3223 2474 3294 miuus
2503 3219 2595 3294 ad
2626 3219 2777 3291 haec
2801 3220 3110 3294 aliorum
3144 3222 3648 3319 praedicatione

453 3340 566 3413 vel
624 3338 965 3438 exemplis
1014 3339 1287 3412 incitati
1342 3354 1535 3433 sunt,
1586 3339 1714 3412 sed
1778 3340 2071 3439 propria
2123 3342 2404 3412 ratione
2453 3353 2526 3411 et
2575 3339 2916 3410 naturalis
2965 3339 3135 3436 legis
3178 3340 3648 3414 instructione

453 3459 830 3536 commoti.
856 3460 1053 3529 Sicut
1090 3459 1283 3530 enim
1319 3472 1599 3530 constat
1628 3483 1764 3530 nos
1792 3473 1938 3530 tam
1973 3459 2274 3531 naturali
2309 3483 2526 3557 quam
2563 3459 2824 3556 scripta
2858 3458 3012 3553 lege
3048 3459 3415 3556 utriusque
3444 3474 3650 3535 testa·

454 3579 706 3672 menti,
747 3593 816 3650 et
851 3592 958 3650 tot
975 3576 1090 3650 vel
1117 3578 1339 3676 ipsius
1373 3578 1668 3651 Domini
1694 3579 1807 3650 vel
1839 3591 2252 3658 sanctorum
2288 3592 2572 3677 patrum
2607 3577 2947 3675 exemplis
2991 3578 3395 3672 instructos,
3446 3595 3647 3654 tanto

455 3698 767 3770 deterius
799 3697 1216 3794 delinquere
1261 3712 1534 3795 quanto
1582 3697 2136 3770 inexcusabilius
2178 3726 2194 3768 :
2233 3698 2406 3769 ita·e
2433 3697 2793 3769 contrario
2846 3711 3045 3768 tanto
3096 3722 3348 3769 eorum
3396 3702 3649 3773 venia-

454 3819 636 3891 lio'ra
669 3831 873 3890 erant
907 3817 1094 3890 mala
1126 3832 1196 3889 et
1222 3817 1695 3891 laudabiliora
1720 3817 2148 3890 videbantur
2170 3817 2391 3908 bona,
2428 3817 2619 3890 unde
2654 3832 2725 3889 et
2759 3818 3110 3889 Dominus
3141 3817 3277 3890 Job
3312 3820 3647 3915 gentilem

457 3963 606 4010 non
659 3937 1022 4010 immerito
1067 3938 1345 4030 ceteris,
1411 3939 1537 4035 qui
1588 3951 1762 4010 tunc
1813 3938 2158 4037 temporis
2217 3950 2449 4031 erant,
2513 3935 2847 4009 fidelibus
2908 3936 3242 4037 praetulit,
3301 3938 3547 4012 dicens
3580 3945 3642 4011 ⁵:

464 4091 499 4126 α
537 4058 753 4149 Quod
790 4083 937 4130 non
972 4057 1061 4129 sit
1091 4058 1157 4128 ei
1185 4057 1432 4130 similis
1462 4058 1537 4130 in
1585 4074 1798 4148 terra,
1862 4056 2089 4130 homo
2121 4056 2446 4155 simplex,
2486 4071 2558 4130 et
2592 4071 2852 4151 rectuS,
2886 4071 2956 4129 et
2987 4058 3245 4129 timens
3279 4062 3539 4151 Deu'm,
3580 4076 3649 4130 et

458 4179 802 4252 recedens
834 4204 876 4252 a
902 4179 1121 4272 malo,
1164 4207 1200 4247 n
1239 4181 1565 4277 quamvis
1593 4179 1796 4252 multi
1825 4180 2037 4251 etiam
2072 4177 2162 4250 de
2209 4177 2371 4249 filiis
2403 4177 2700 4250 Abrahae
2750 4193 2920 4250 tunc
2968 4194 3442 4275 superessent,
3483 4207 3647 4252 cum

458 4300 578 4371 hic
604 4312 772 4398 post
806 4297 1038 4394 legem
1060 4299 1277 4371 etiam
1311 4298 1549 4371 datam
1587 4300 1660 4370 in
1686 4312 2012 4397 tempore
2048 4298 2524 4370 Israelitarum
2565 4280 2917 4395 judicum,
2976 4313 3053 4369 ut
3104 4296 3352 4371 beatus
3406 4302 3652 4372 asserit

461 4418 847 4516 Gregorius
874 4475 893 4511 ,
932 4418 1144 4490 fuisse
1182 4421 1524 4517 signetur.
1564 4419 1748 4491 Hinc
1782 4433 1887 4491 est
1923 4433 1992 4491 et
2028 4417 2144 4489 illa
2186 4419 2609 4517 Hieronymi
2665 4418 3199 4490 commendatio
3245 4419 3316 4490 in
3362 4419 3648 4492 laudem

458 4539 591 4611 Titi
626 4538 1096 4638 imperatoriS,
1134 4552 1206 4610 et
1254 4540 1755 4612 confusionem
1795 4554 2140 4631 nostram,
2181 4563 2395 4637 super
2426 4537 2801 4636 epistolam
2830 4537 2933 4609 acl
2963 4537 3261 4610 Galatas
3300 4566 3323 4611 .·
3364 4541 3647 4629 «Titus,

463 4660 716 4757 inquit,
751 4657 938 4756 filius
967 4660 1407 4757 Vespasiani,
1442 4660 1568 4757 qui
1602 4660 1675 4731 in
1711 4659 2056 4731 ultionem
2094 4659 2455 4730 Dominici
2491 4658 2877 4753 sanguinis,
2916 4658 3270 4731 subversis
3300 4660 3656 4769 Jerosoly-

466 4780 624 4869 miS,
662 4781 961 4849 Romam
993 4778 1223 4849 victor
1255 4779 1611 4875 ingressus
1643 4791 1776 4869 est,
1817 4792 2029 4850 tantae
2062 4778 2324 4850 dicitur
2356 4777 2571 4849 fuisse
2616 4777 2979 4871 bonitatiS,
3028 4790 3107 4850 ut
3137 4804 3303 4851 cum
3339 4778 3652 4876 quadam

462 4913 677 4971 nocte
725 4921 884 4970 sero
942 4897 1560 4986 recordareturjn
1620 4923 1824 4972 coena
1867 4896 2065 4995 quod
2120 4897 2300 4969 nihil
2349 4897 2531 4970 boni
2559 4898 2633 4968 in
2672 4896 2788 4969 die
2821 4897 2940 4970 illa
2976 4898 3276 4990 fecisset,
3336 4898 3589 4969 dixerit
3630 4927 3645 4968 :

467 5019 716 5113 Amici,
735 5017 958 5090 hodie
977 5017 1168 5091 diem
1194 5018 1501 5117 perdidi.
1531 5021 1674 5090 Nos
1691 5032 2026 5117 putamus
2049 5042 2196 5090 non
2224 5020 2455 5116 perire
2475 5017 2685 5090 nobis
2701 5017 2985 5106 horam,
3014 5018 3233 5110 diem,
3256 5033 3649 5109 momenta,

530 5317 541 5344 ¹
575 5313 675 5364 val.
703 5314 858 5378 Max„
903 5314 990 5364 ΠΙ).
1035 5311 1117 5377 vt,
1146 5325 1251 5374 cap.
1291 5324 1324 5361 t.
1354 5338 1410 5348 -—
1434 5311 1451 5341 ²
1486 5308 1648 5373 thid„
1676 5309 1760 5359 lib.
1788 5307 1870 5372 W,
1899 5323 2003 5372 cap.
2042 5321 2141 5359 xvi.
2177 5337 2227 5345 -
2258 5309 2274 5339 ⁸
2308 5307 2440 5359 [bid.
2468 5335 2522 5344 —
2550 5309 2566 5338 ⁴
2602 5306 2741 5357 [bid.
2767 5333 2821 5344 ·-
2859 5310 2876 5340 ⁵
2898 5305 3039 5371 lob„
3074 5319 3182 5369 cap.
3212 5319 3254 5370 ι,
3284 5319 3327 5357 v.
3355 5310 3401 5359 8.
