4559 6100
504 537 579 611 394
1111 533 1234 607 Pll'llll
1259 531 1490 608 ABAELARDl

503 712 612 763 causa
634 687 812 760 maximus
837 685 937 759 Plato
962 684 1269 785 pbilosophorum
1289 710 1364 786 prae
1386 682 1522 758 ceteris
1543 681 1820 756 commendatur
1838 681 1886 756 ab
1910 681 2101 778 omnibus,

503 835 579 882 non
606 808 723 881 solum
745 832 766 879 a
791 807 915 907 peritis
937 806 1163 880 marium
1188 808 1340 893 artium,
1362 830 1490 878 verum
1515 804 1623 877 etiam
1648 829 1671 878 a
1692 806 1834 878 sanctis.
1856 809 1911 877 De
1934 829 2009 902 quo
2032 809 2103 878 bu·

503 931 665 1027 gtutinus
692 930 730 1001 in
755 927 850 1000 libro
865 931 944 998 llll
970 924 1014 998 de
1039 930 1190 1001 Ciuitate
1220 928 1291 999 Dei
1298 930 1331 998 ¹2
1354 927 1568 1013 «Mirantur,
1595 925 1733 1024 inquit,
1762 924 1911 1024 quidam
1936 924 2042 998 nobis
2063 926 2101 999 in

501 1046 759 1143 christigratia
777 1045 915 1133 sociati,
941 1069 1027 1116 cum
1051 1042 1207 1115 audiunt
1222 1041 1280 1115 rel
1300 1041 1424 1140 legunt
1440 1041 1649 1133 Platonem,
1665 1067 1750 1114 eum
1771 1041 1818 1114 de
1834 1045 1912 1114 Deo
1930 1042 1997 1115 ista
2020 1066 2102 1114 sen·

500 1165 599 1250 sisse,
619 1191 700 1262 quae
716 1165 871 1237 multum
884 1189 1086 1262 congruere
1104 1164 1250 1250 veritati,
1262 1178 1393 1234 nostrae
1407 1161 1591 1258 religionis
1606 1177 1862 1260 agnoscuntur.
1883 1160 1989 1236 Unde
2006 1187 2100 1235 non·

498 1286 588 1359 nulli
606 1300 823 1385 putaverunt
847 1310 946 1376 eum,
972 1282 1121 1384 qvtando
1151 1284 1308 1383 perrexit
1333 1283 1371 1355 in
1395 1286 1607 1381 AEgypttrm,
1633 1283 1824 1355 leremiam
1850 1281 2015 1374 audisse,
2042 1283 2100 1357 vel

495 1406 691 1505 scripturas
703 1404 933 1505 propheticas
941 1405 978 1476 in
990 1402 1119 1477 eadem
1136 1404 1426 1503 peregrinatione
1442 1402 1581 1500 legisse.
1601 1401 1671 1475 Sed
1688 1401 1877 1498 diligenter
1891 1416 2099 1501 computata

497 1538 704 1626 temporum
734 1527 840 1616 ratio,
868 1550 949 1624 qua²
975 1524 1150 1597 chronica
1175 1524 1326 1598 historia
1349 1524 1569 1616 continetur,
1592 1522 1939 1596 Platonemindicat
1963 1548 1987 1595 a
2007 1536 2097 1598 tem·

495 1670 585 1743 pore
616 1672 692 1746 qno
715 1646 945 1747 prophetavit
975 1646 1166 1737 Jeremias,
1198 1660 1346 1718 centnm
1380 1644 1493 1718 ferme
1522 1670 1639 1718 annos
1664 1659 1790 1744 postea
1814 1656 1938 1716 natum
1965 1643 2093 1735 ltusse3

493 1767 556 1863 qui
575 1793 660 1840 cum
676 1769 857 1865 octoginta
878 1781 914 1839 et
933 1791 1050 1839 unum
1072 1767 1230 1854 vixisset,
1253 1765 1301 1838 ab
1321 1790 1420 1838 anno
1437 1767 1564 1838 mortis
1586 1765 1665 1862 ejus
1684 1789 1875 1862 usquequo
1892 1763 2096 1838 Ptolomeus

493 1910 553 1958 rex
576 1889 719 1988 AEgypti
736 1890 930 1987 scripturas
945 1886 1175 1986 propheticas
1190 1909 1257 1986 per
1276 1887 1501 1985 septuaginta
1520 1884 1700 1975 llebmos,
1726 1886 1789 1983 qui
1807 1885 1916 1957 ctiam
1935 1884 2094 1983 linguam

492 2029 643 2101 gracum
665 2023 841 2080 noverant
861 2006 1150 2106 interpretandas
1170 2005 1431 2105 habendasque
1451 2008 1606 2092 curavit,
1627 2006 1713 2078 anni
1734 2004 1962 2104 reperiuntur
1983 2004 2094 2079 ferme

490 2121 692 2215 sexaginta3
726 2134 947 2219 quapropter
973 2121 1010 2191 in
1036 2117 1096 2190 illa
1123 2120 1412 2217 peregrinatione
1436 2144 1500 2192 sua
1531 2118 1632 2191 Plato
1659 2142 1728 2190 nec
1753 2118 1945 2189 leremiam
1971 2117 2094 2192 videre

488 2241 606 2337 potuit
628 2255 729 2313 tanto
748 2256 832 2313 ante
850 2240 1075 2331 defunctum,
1099 2265 1169 2311 nec
1190 2239 1334 2311 easdem
1352 2241 1545 2338 scripturas
1561 2238 1678 2334 legere
1696 2237 1735 2310 iu
1759 2261 1888 2332 graeco,
1914 2262 1994 2335 quae
2015 2263 2090 2312 non

489 2356 630 2433 fuerant
649 2363 685 2433 in
704 2383 859 2459 graecum
876 2360 1067 2453 translata,
1083 2361 1153 2432 nisi
1177 2359 1282 2452 sorte,
1300 2361 1386 2456 quia
1404 2359 1470 2431 luit
1487 2358 1651 2431 acerrimi
1666 2355 1788 2444 studii,
1800 2357 1890 2429 sicut
1907 2360 2088 2457 aegyptias,

488 2478 535 2552 ita
560 2495 596 2553 et
622 2482 707 2554 istas
733 2507 798 2581 per
825 2482 1057 2582 interpretem
1081 2480 1259 2554 didicit.»
1287 2480 1388 2554 Adeo
1416 2494 1536 2552 autem
1564 2479 1644 2578 ipsa
1665 2477 1823 2551 Platonis
1846 2476 1943 2551 dicta
1972 2479 2090 2554 verbis

486 2601 633 2672 Domini
667 2616 776 2698 atque
806 2602 882 2698 ejus
904 2599 1150 2700 pradicationi
1175 2625 1380 2673 consonare
1406 2598 1590 2688 videntur,
1618 2613 1659 2671 ut
1684 2598 1775 2670 sicut
1804 2602 1844 2669 B.
1874 2601 2089 2694 Augustinus

484 2719 520 2789 in
546 2719 708 2790 secundo
731 2718 775 2789 de
803 2723 977 2790 Doctrina
1004 2719 1202 2791 christiana
1224 2720 1446 2819 profitetur¹,
1477 2718 1628 2815 quidam
1650 2719 1804 2792 lectores
1829 2743 1872 2790 ac
1896 2718 2088 2795 dilectores

485 2833 643 2908 Platonis
668 2838 745 2908 ausi
773 2839 920 2909 suntin
952 2853 1089 2911 tantam
1120 2863 1359 2938 prorumpere
1385 2839 1626 2934 dementiam,
1648 2839 1749 2938 quod
1774 2839 1935 2912 dicerent
1957 2865 2087 2915 omncs

481 2955 630 3025 Domini
653 2957 769 3027 nostri
795 2960 1044 3030 lesu-Canum
1069 2960 1277 3050 sententias,
1302 2985 1392 3059 quas
1410 2960 1531 3032 mirari
1557 2975 1592 3032 et
1615 2960 1809 3061 predicare
1825 2975 2016 3061 coguntur,
2038 2961 2085 3037 de

482 3073 639 3146 Platonis
663 3075 763 3148 libris
786 3102 870 3149 eum
895 3077 1075 3151 didicisse.
1094 3080 1187 3152 Hinc
1212 3082 1319 3153 etiam
1345 3081 1565 3154 Tbolomeus
1591 3106 1653 3153 rex
1678 3083 1716 3154 in
1740 3083 1899 3155 Platonis
1929 3082 2085 3180 dogmt⁸

480 3191 606 3266 eadem
631 3195 765 3285 videre,
792 3198 830 3268 ni
851 3197 969 3286 fallor,
996 3197 1113 3271 dictus
1137 3214 1204 3290 est,
1229 3201 1329 3298 quod
1352 3205 1470 3273 Deum
1492 3217 1528 3275 et
1554 3216 1724 3291 mentem,
1751 3202 1789 3274 id
1812 3218 1866 3275 est
1884 3209 2024 3277 Patrem
2043 3220 2083 3279 et

482 3313 640 3387 Verbum
670 3340 712 3387 ex
738 3317 929 3415 platonicis
951 3319 1136 3418 scripturis
1162 3319 1350 3396 didicerat.
1380 3321 1484 3394 Unde
1509 3323 1733 3421 septuaginta
1757 3327 1970 3423 lnterpretes
1996 3350 2081 3399 cum

478 3432 512 3504 ei
534 3431 651 3530 legem
668 3437 913 3528 transferrent,
934 3462 1107 3512 arcanum
1130 3439 1263 3514 divinae
1286 3443 1526 3539 generationis
1542 3442 1725 3541 prudenti,
1747 3458 1785 3515 ut
1805 3443 1917 3516 Judaei
1939 3444 2077 3538 dicunt,

477 3554 629 3626 consilio
651 3555 796 3653 penitus
818 3572 1021 3652 tacuerunt,
1053 3585 1100 3632 ne
1124 3562 1155 3631 si
1175 3560 1213 3633 id
1234 3586 1381 3659 quoque
1402 3561 1501 3661 apud
1524 3561 1692 3635 Hebraecs
1714 3563 1899 3661 praedicari
1921 3565 2076 3657 audiret,

476 3672 659 3771 duplicem
686 3673 911 3750 divinitatem
934 3704 1012 3752 esse
1036 3679 1338 3779 deprehenderet,
1366 3682 1430 3779 qui
1452 3696 1559 3756 antea
1583 3697 1722 3755 tantum
1741 3685 1849 3756 nnius
1872 3685 1937 3757 Dei
1959 3687 2077 3760 cultor

474 3794 650 3882 extiterat,
669 3819 737 3868 nec
754 3813 902 3898 propter
918 3798 1144 3872 Platonicum
1158 3799 1291 3897 dogma
1311 3801 1358 3874 ab
1376 3803 1511 3875 unitate
1525 3804 1673 3876 Deitatis
1685 3802 1909 3898 deviaverat,
1924 3804 2008 3878 licet
2023 3805 2075 3881 ibi

473 3912 594 4012 plures
613 3914 781 4015 distingui
802 3944 976 4018 personas
996 3920 1164 4012 audierit,
1190 3923 1297 3994 unius
1323 3937 1464 3996 tantum
1490 3924 1632 3998 deitatis
1653 3925 1896 4024 singularitate
1918 3943 2071 4003 servata.

471 4033 563 4105 llinc
587 4035 829 4136 Hieronymus
859 4041 895 4112 in
922 4041 1075 4140 prologo
1103 4047 1315 4115 Pentateuci
1345 4045 1510 4118 meminit
1538 4044 1662 4119 dicens
1689 4077 1708 4114 r
1731 4071 1754 4120 a
1780 4046 1957 4147 predictis
1983 4050 2072 4148 Sep·

468 4155 629 4251 tuaginta
655 4159 765 4230 multa
790 4160 1000 4256 hujusmodi
1024 4165 1185 4256 reticeri,
1206 4179 1245 4236 ut
1268 4180 1321 4237 est
1342 4165 1450 4238 illud*
1470 4192 1479 4236 ι
1501 4169 1584 4238 «Ex
1607 4170 1761 4267 AEgypto
1785 4169 1915 4241 vocavi
1941 4169 2070 4245 Filium

468 4297 605 4365 meum,
622 4306 641 4343 a
662 4292 697 4349 et
722 4279 863 4352 similia.
892 4285 939 4354 Ex
966 4307 1042 4381 quo
1067 4283 1246 4382 liquidum
1264 4302 1318 4358 est
1342 4285 1560 4359 Platonicam
1579 4301 1714 4360 sectam
1740 4287 1825 4360 fidei
1846 4302 1974 4361 sancta
1991 4290 2068 4362 Tri·

465 4394 585 4468 nitatis
603 4397 801 4496 plurimum
824 4425 966 4501 semper
988 4406 1174 4498 assentire,
1197 4420 1233 4479 et
1253 4432 1334 4479 eam
1348 4406 1553 4504 diligentius
1575 4410 1702 4481 ceteris
1723 4408 1893 4482 omnibus
1911 4407 2068 4508 pbiloso-

463 4514 545 4614 phis
570 4540 592 4589 a
620 4519 770 4593 Platone
795 4536 831 4594 et
858 4525 1073 4620 sequacibus
1096 4528 1174 4625 ejus
1202 4527 1374 4625 distingui
1401 4553 1443 4600 ac
1463 4528 1629 4602 describi.
1660 4529 1765 4615 Unde
1788 4546 1824 4604 et
1849 4556 1925 4605 non
1942 4532 2067 4606 imme·

461 4636 531 4707 rito
555 4638 591 4710 in
615 4640 692 4738 ejus
712 4641 856 4717 landem
874 4646 1035 4722 Valerius
1056 4650 1232 4723 Maximus
1248 4650 1305 4722 liis
1322 4651 1489 4749 prorupit
1508 4650 1648 4724 verbis*
1667 4678 1677 4723 ε
1703 4682 1722 4723 rr
1737 4652 1887 4727 Platone
1911 4653 2064 4753 parvulo

461 4755 666 4834 dormiente
691 4764 730 4835 in
757 4766 872 4856 cunis,
893 4790 981 4868 apes
1006 4769 1077 4844 mel
1101 4772 1330 4844 inseruerunt
1352 4771 1429 4869 ejus
1456 4770 1601 4845 labellis.
1621 4776 1757 4861 Quare
1773 4774 1909 4869 audita,
1936 4774 2062 4874 prodi·

482 5069 559 5124 *uu
572 5071 699 5140 Μαι),
711 5087 739 5127 ιι
752 5076 984 5142 ογρ.,ΗἸΙ,ωι
1001 5084 1055 5135 tas.
1067 5083 1184 5135 -¹l.tt›.
1201 5082 1234 5151 ll,
1288 5085 1417 5150 dmm.
1430 5086 1700 5153 nocemur.
1713 5091 1736 5141 t.
1755 5111 1784 5127 -
1800 5087 1871 5140 ‘tat
1883 5089 1966 5153 lca..
1981 5090 2025 5141 tu.
2037 5088 2057 5148 l,

453 5159 507 5211 rap.
516 5162 604 5206 nrm.
617 5154 691 5219 opp,
700 5154 911 5209 ulli-’Nonne
924 5161 1070 5224 tegendum?
1081 5164 1115 5215 lv
1125 5163 1235 5217 Plutona
1287 5179 1343 5231 cap.
1353 5180 1386 5218 n.
