4559 6100
464 522 537 592 220
1074 518 1200 591 PETRI
1223 515 1451 590 ABAELARDI

467 672 544 741 «Et
559 668 632 741 hoc
650 683 703 741 est
721 681 976 742 testamentum
998 669 1175 741 intervos
1192 681 1227 740 et
1247 693 1318 761 me,
1336 681 1372 739 et
1386 668 1479 739 iuter
1494 689 1553 739 me
1574 680 1610 738 et
1627 666 1721 738 inter
1737 665 1895 740 medium
1913 670 2060 762 seminis

459 818 482 857 u
499 788 551 862 tui
567 803 651 888 post
668 801 717 860 te.
731 786 1019 861 Circumcidetur
1032 812 1142 860 omne
1159 787 1397 860 masculinum
1409 799 1582 877 vestrum,
1597 800 1632 859 et
1646 809 1737 884 puer
1753 800 1881 859 octava
1895 786 1966 860 die.
1987 789 2059 858 Cir·

465 938 483 976 «
496 907 721 982 cumcidetur
733 908 770 980 in
786 906 891 981 vobis
906 908 1026 981 omnis
1045 907 1264 990 masculinus
1277 908 1314 1010 in
1334 905 1624 1004 generationibus
1639 906 1776 996 vestris,
1794 906 2008 979 vernaculus
2025 923 2059 980 et

465 1029 654 1127 «pecunia
675 1041 831 1127 emptus.
850 1057 868 1095 s
886 1028 1127 1104 Discutiamus
1144 1041 1266 1098 utrum
1292 1026 1503 1099 mandatum
1525 1025 1633 1098 etiam
1650 1048 1725 1112 eos,
1743 1026 1805 1123 qui
1822 1050 1866 1098 ex
1882 1025 2058 1099 Gentibus

461 1146 704 1240 crediderunt,
730 1147 961 1244 constringat.
988 1150 1179 1245 Nunquam
1202 1144 1286 1218 secit
1304 1144 1475 1245 proselyti
1499 1145 1733 1237 mentionem,
1756 1144 1876 1237 idest,
1895 1145 2054 1236 advenae,

460 1268 524 1343 sed
551 1265 786 1341 vernaculum
808 1290 953 1340 servum
973 1265 1030 1338 vel
1050 1265 1168 1366 pretio
1192 1279 1390 1338 mercatum
1413 1264 1622 1338 circumcidi
1641 1261 1761 1360 jubet,
1786 1288 1862 1337 non
1886 1264 2053 1338 liberum.

462 1397 730 1467 Perscrutemur
744 1392 853 1465 etiam
865 1392 1009 1463 Levr'tt'ci
1021 1390 1137 1489 legem
1149 1393 1172 1460 ¹.
1190 1419 1208 1459 «
1221 1394 1399 1489 Loquere,
1412 1419 1430 1459 »
1444 1390 1576 1489 inquit,
1588 1418 1605 1459 u
1620 1386 1702 1460 filiis
1717 1387 1837 1483 lsrael,
1849 1403 1885 1462 et
1896 1388 2056 1464 dices'ad

463 1543 480 1579 α
495 1537 578 1586 eos:
596 1511 723 1586 Mulier
734 1514 766 1584 si
782 1512 962 1612 pepererit
975 1511 1190 1602 masculum,
1204 1523 1334 1583 octavo
1349 1509 1583 1584 circumcidet
1598 1510 1670 1585 die.
1687 1514 1862 1583 »Intuere
1874 1510 1983 1583 etiam
1994 1510 2055 1585 hic

459 1632 767 1734 (quemadmodum
784 1631 831 1708 de
846 1631 924 1729 lege
938 1631 1221 1704 circumcisionis
1235 1646 1376 1704 tantum
1390 1631 1437 1705 ad
1453 1630 1547 1706 lilios
1563 1629 1671 1708 lsrael
1685 1637 1824 1730 Moyses
1838 1630 1939 1728 loqui
1953 1630 2057 1730 jube3

460 1771 530 1846 tur,
548 1768 584 1826 et
600 1751 882 1851 alienigenarum
899 1750 999 1824 nulla
1022 1752 1068 1824 sit
1088 1751 1240 1847 mentio,
1259 1778 1344 1826 cum
1362 1752 1398 1824 in
1415 1751 1632 1852 quibusdam
1649 1751 1826 1828 mandatis
1844 1773 1919 1822 non
1936 1750 2055 1828 sotum

458 1873 539 1946 liliis
553 1874 672 1965 lsrael,
689 1871 754 1946 sed
771 1870 974 1972 proselytis,
990 1869 1027 1944 id
1045 1884 1099 1944 est
1114 1870 1262 1944 advenis
1275 1872 1458 1968 loquatur.
1474 1875 1679 1947 Necessario
1691 1874 1816 1971 utique
1830 1869 2054 1946 observanda

458 1993 640 2066 distinctio
656 2006 726 2085 est3
747 1992 832 2090 quia
848 1991 939 2062 sicut
954 1988 1175 2084 ubidicitur,
1194 1991 1374 2089 eloquere
1389 1991 1437 2065 ad
1459 1996 1592 2088 Aaron,
1607 2022 1625 2062 »
1645 2009 1682 2067 et
1695 1990 1794 2083 alibi,
1812 1990 1860 2063 ad
1873 1991 2024 2082 Levitae,
2036 2021 2053 2056 s

458 2126 596 2184 certum
609 2125 661 2183 est
677 2135 753 2184 non
771 2109 956 2208 subjacere
968 2107 1126 2208 reliquos
1140 2110 1195 2184 his
1208 2110 1360 2208 legibus,
1376 2112 1426 2185 ita
1442 2114 1550 2186 etiam
1561 2137 1641 2212 quae
1654 2112 1734 2185 liliis
1741 2108 1914 2209 jubentur
1931 2111 2050 2206 lsrael,

457 2256 524 2304 nec
559 2232 765 2329 alienigenae
792 2231 968 2304 memoria
992 2230 1066 2304 ulla
1096 2230 1156 2324 fit,
1191 2255 1266 2303 non
1295 2232 1496 2330 putandum
1524 2248 1579 2306 est
1607 2234 1643 2305 in
1675 2231 1732 2305 his
1756 2255 1950 2304 commune
1976 2256 2053 2306 esse

456 2349 679 2443 mandatum,
698 2350 762 2423 ubi
774 2350 1023 2450 appellationis
1035 2350 1191 2424 habetur
1204 2353 1378 2451 exceptio.
1400 2353 1458 2425 Sic
1475 2377 1560 2452 ergo
1580 2377 1648 2426 nec
1663 2350 1754 2426 alius
1774 2350 1965 2450 quisquam
1981 2355 2053 2425 cir·

455 2472 683 2546 cumcisionis
705 2472 791 2569 lege.
804 2470 1073 2568 constringitur,
1098 2472 1168 2546 nisi
1183 2496 1225 2546 ex
1248 2471 1428 2545 Abraham
1455 2474 1631 2571 originem
1656 2471 1815 2562 trahens,
1843 2471 1899 2543 vel
1923 2495 2051 2547 verna·

455 2593 556 2668 culus
570 2617 712 2684 eorum,
724 2592 781 2665 vel
792 2594 907 2691 pretio
919 2605 1074 2693 emptus.
1090 2622 1107 2659 s
1124 2595 1235 2665 ltem:
1252 2624 1268 2661 e
1280 2596 1363 2665 Haec
1373 2593 1469 2667 dicta
1478 2591 1718 2685 suntanobis,
1730 2606 1772 2665 ut
1781 2590 2052 2667 ostenderemus

455 2714 632 2813 praecipue
651 2710 697 2784 de
713 2712 994 2786 circumcisionis
1011 2727 1204 2811 praecepto,
1224 2713 1324 2812 quod
1342 2739 1418 2788 non
1441 2715 1518 2788 aliis
1532 2738 1641 2814 quam
1654 2713 1712 2787 his
1733 2715 1854 2812 quiex
1873 2711 2051 2789 Abrabam

455 2857 566 2930 genus
581 2831 733 2922 ducunt,
749 2828 1021 2930 remaculisque
1035 2856 1163 2905 eorum
1174 2832 1232 2906 vel
1244 2833 1361 2932 pretio
1372 2837 1561 2934 coemptis,
1575 2848 1667 2909 esset
1680 2835 1899 2931 injunctum3
1918 2832 2052 2909 liberos

455 2978 542 3026 vero
554 2976 631 3025 esse
643 2950 690 3024 ab
703 2951 912 3050 hujusmodi
926 2951 1064 3051 legibus
1079 2956 1217 3054 eosqui
1232 2979 1298 3055 per
1308 2955 1491 3028 Christum
1506 2960 1585 3030 Dec
1601 2981 1646 3030 ex
1661 2954 1834 3029 Gentibus
1847 2951 2012 3026 credunt.
2028 2988 2046 3022 s

454 3081 565 3148 ltem:
581 3102 600 3142 a
615 3077 669 3145 De
682 3073 957 3161 circumcisione
974 3071 1060 3173 quid
1077 3075 1185 3149 etiam
1199 3075 1397 3174 allegoricis
1406 3076 1546 3174 legibus
1556 3076 1783 3151 sentiendum
1791 3076 1838 3149 sit
1848 3074 2046 3149 videamus.

454 3193 718 3277 circumcidere
737 3207 790 3267 est
812 3219 855 3267 ex
883 3195 1027 3293 genitali
1048 3197 1233 3288 membro,
1252 3222 1317 3297 per
1333 3198 1435 3297 quod
1457 3199 1609 3272 carnalis
1634 3221 1796 3300 propage
1812 3196 2046 3289 ministratur,

453 3329 640 3415 amputare
655 3313 810 3413 aliquam
828 3329 980 3413 partem.
997 3320 1063 3389 Per
1077 3315 1150 3389 boc
1164 3316 1314 3393 indicari
1332 3318 1526 3417 figuraliter
1539 3343 1622 3392 reor
1634 3316 1894 3418 amputandam
1908 3338 1985 3388 esse
2001 3318 2047 3391 ab

452 3436 593 3525 anima,
613 3434 642 3507 si
663 3456 735 3532 qua
752 3458 795 3507 ex
811 3436 992 3508 consortio
1018 3437 1050 3508 ei
1076 3438 1194 3510 carnis
1214 3437 1374 3512 adbaeret
1398 3438 1595 3538 impuritas.
1624 3437 1763 3510 Idcirco
1790 3437 1858 3509 ista
1883 3435 2047 3509 dissectio

452 3553 666 3654 genitalibus
682 3554 867 3652 infligitur,
885 3554 985 3651 quod
1007 3555 1217 3654 hujusmodi
1233 3559 1319 3633 vitia
1346 3558 1475 3632 animae
1497 3582 1573 3631 non
1596 3582 1640 3630 er
1658 3555 1804 3657 propria
1824 3553 2043 3646 substantia,

451 3675 516 3748 sed
544 3699 589 3747 ex
617 3675 800 3746 incentivo
828 3677 945 3747 caruis
973 3672 1179 3749 adveniant.
1200 3679 1366 3750 l‘raesenti
1393 3678 1523 3751 saeculo
1549 3678 1750 3778 septimana
1778 3674 1949 3775 deputata
1978 3692 2042 3749 est.

452 3799 610 3867 Octavus
630 3790 708 3865 dies
724 3806 844 3865 autem
867 3791 977 3866 suturi
995 3795 1105 3867 seculi
1125 3798 1336 3893 mysterium
1354 3808 1462 3872 tenet.
1482 3797 1631 3871 Illorum
1648 3820 1733 3894 ergo
1752 3809 1806 3868 est
1819 3795 2045 3867 circumcisio

451 3910 642 4012 spiritualis
661 3912 725 4008 qui
742 3910 863 3984 futuro
879 3914 1008 3986 saeculo
1025 3912 1194 4005 militant,
1212 3917 1250 3988 in
1268 3942 1343 4014 quo
1363 3941 1482 4016 neque
1498 3916 1639 3991 nubent
1657 3939 1776 4015 neque
1791 3913 1988 4001 nubentur,
2011 3930 2045 3987 et

450 4057 576 4107 eorum
602 4032 666 4129 qui
685 4032 820 4130 seipsos
843 4046 1089 4107 castraverunt
1113 4051 1262 4135 propter
1281 4063 1434 4137 regnum
1454 4038 1533 4133 Dei,
1558 4051 1595 4111 et
1610 4061 1769 4138 quorum
1789 4037 1826 4107 in
1848 4036 1951 4107 terris
1967 4057 2044 4107 am·

449 4154 651 4227 bulantium
667 4153 705 4224 iu
723 4150 821 4224 coelis
841 4166 895 4224 est
909 4155 1148 4227 conversatio.
1168 4150 1238 4229 Sed
1256 4156 1355 4256 apud
1371 4157 1534 4230 Ezechiel
1551 4157 1638 4230 dicit
1653 4157 1869 4230 Dominm‘z
1886 4154 2045 4226 «Omnis

452 4273 575 4347 «lilius
590 4274 787 4372 alienigena
803 4271 1074 4347 incircumcisus
1089 4275 1199 4350 corde
1212 4290 1248 4349 et
1263 4301 1371 4352 carne
1383 4301 1457 4350 non
1474 4277 1637 4352 introibit
1654 4280 1692 4373 in
1707 4290 1829 4350 sancta
1844 4297 1961 4346 mea.»
1971 4273 2043 4344 Sed

447 4394 633 4468 videamus
654 4418 700 4466 ne
720 4392 812 4468 forte
828 4394 950 4467 referri
967 4409 1074 4494 queat
1091 4395 1138 4468 ad
1157 4395 1233 4469 duo
1250 4397 1428 4495 generalia
1443 4414 1638 4498 praecepta,
1657 4413 1698 4470 ut
1713 4399 1758 4471 sit
1773 4393 2043 4469 incircumcisus

447 4513 557 4588 corde
577 4513 733 4612 quinon
752 4513 862 4588 habet
887 4514 1009 4608 fidem,
1030 4516 1301 4592 incircumcisus
1324 4544 1432 4592 carne
1454 4520 1617 4618 quinon
1639 4518 1750 4592 habet
1773 4539 1896 4618 opera.
1926 4515 2044 4587 Altera

446 4622 603 4732 namque
626 4634 703 4705 sine
728 4631 838 4708 altera
858 4626 1085 4734 reprob'atur,
1113 4638 1200 4736 quia
1222 4653 1259 4711 ct
1284 4637 1373 4712 fides
1395 4640 1472 4713 sine
1491 4639 1663 4740 operibus
1683 4651 1827 4711 mortua
1842 4635 1988 4727 dicitur,
2008 4649 2044 4706 et

446 4754 523 4827 siue
546 4750 619 4825 lide
640 4776 750 4825 nemo
766 4751 978 4827 vivificatur.
997 4782 1015 4823 u
1034 4759 1123 4830 Item
1139 4785 1147 4828 :
1166 4787 1184 4826 κ
1198 4762 1242 4832 Et
1253 4758 1389 4841 ‚dicitur
1404 4760 1613 4835 circumcidi
1633 4758 1794 4850 auribus,
1812 4779 1897 4829 cum
1913 4777 2044 4829 secun·

478 5064 550 5116 'un
565 5062 597 5128 ll,
620 5064 699 5130 opp.¹
713 5064 882 5129 emutat
896 5068 1216 5132 etsqqtutunantm·
1270 5076 1335 5123 tione
1352 5071 1460 5137 Operum
1477 5072 1596 5135 origenis
1620 5069 2042 5135 -1tem.,cap.x=1.v.2.-

445 5149 530 5199 boeslo
543 5149 626 5198 datum
639 5149 752 5211 pturtnm
762 5150 822 5200 locis
835 5150 948 5201 mutilum
959 5154 1111 5204 rcstltutmes
1121 5168 1152 5205 er
1163 5154 1216 5206 edl-
1268 5153 1386 5214 ἘιειὴἸ
1404 5167 1458 5218 cap.
1472 5166 1539 5216 rur,
1551 5166 1575 5201 r.
1589 5154 1615 5204 9.
