4559 6100
203 47 301 131 Quod
317 71 415 138 quam
429 48 476 113 ibi
494 46 676 138 discrepans
692 64 725 114 et
740 47 971 113 inconcinnum
990 50 1096 130 haerit,
1114 51 1227 140 paucis
1241 50 1424 141 expediam.
1447 51 1544 116 Liber
1558 51 1612 118 ille
1629 52 1809 120 Salomonis

205 169 239 234 in
267 170 370 236 sancti
396 169 530 260 Spiritus
557 167 686 235 officina
713 167 882 251 conflatus,
907 169 1023 235 Christi
1048 187 1082 237 et
1103 171 1253 237 Ecclesiae
1279 171 1338 237 sub
1366 171 1481 262 Sponsi
1510 171 1704 262 Sponsaeque
1731 189 1809 264 typo
1917 247 1928 259 ἱ

204 290 334 354 maritat
350 290 526 380 amplexus.
545 290 648 355 Porro
665 291 784 381 nuptiis
800 291 918 381 gaudia
934 308 1126 357 consonant.
1144 294 1189 356 At
1204 291 1384 358 Bernardus
1401 308 1457 356 aut
1475 315 1583 356 rerum
1600 291 1809 360 obscurarum

203 411 303 479 toedio
314 414 427 496 rictus,
441 431 496 480 aut
510 415 675 507 negligens
687 414 833 507 Apostoli
846 414 967 482 dictum
980 415 1143 482 suadentis
1158 416 1300 507 gaudere
1311 440 1386 482 cum
1401 414 1627 507 gaudentibus,
1645 434 1809 485 mortuum

203 555 297 598 suum
313 532 402 599 ducit
424 533 467 599 ad
483 536 623 625 nuptias,
649 559 723 601 cum
739 536 892 627 scriptum
907 537 947 602 sit
964 559 973 602 ι
999 568 1013 594 «ι
1029 536 1105 601 Non
1121 552 1170 601 est
1185 537 1271 601 Deus
1283 552 1505 615 mortuorum,
1522 534 1580 599 sed
1595 537 1803 602 virentium.»

202 650 430 719 Discumbente
452 654 561 745 itaque
580 654 705 745 Sponso
723 656 757 719 in
774 655 905 746 Sponsas
928 657 1071 748 gremio,
1088 672 1121 721 et
1133 656 1311 743 juvenculis
1343 655 1459 744 Sponsi
1481 656 1677 745 Sponsaeque
1690 658 1809 742 juven·
1829 670 1836 683 “

203 775 336 843 culabus
352 777 474 844 alterna
486 771 691 864 jocunditate
707 779 946 871 plaudentibus,
963 782 1042 846 tuba
1066 781 1209 857 funebris
1224 779 1330 846 subito
1347 780 1478 870 clangit.
1496 779 1608 870 Epulas
1629 781 1664 844 in
1684 779 1809 847 luctum

202 911 296 979 eunt,
321 920 442 988 organa
464 916 633 966 vertuntur
652 901 687 964 in
715 900 823 967 funus.
843 898 1016 991 Tragoedia
1037 900 1137 966 risum
1155 900 1297 991 prolert¹
1321 901 1518 991 nuptiarum.
1538 900 1614 965 Non
1634 899 1806 983 discretus,

202 1039 271 1082 non
295 1016 424 1108 elegans
449 1020 610 1085 citharista
635 1019 738 1102 hauti,
763 1020 819 1108 qui
845 1019 995 1085 funebres
1026 1020 1177 1086 modulos
1199 1021 1288 1110 regio
1314 1020 1463 1086 convivio
1483 1020 1691 1108 praesentasti.
1728 1020 1808 1103 Quis

203 1161 346 1227 unquam
362 1141 533 1206 somniavit
549 1139 614 1205 tale
633 1139 836 1230 portentum?
856 1140 1004 1206 Solemus
1021 1140 1127 1207 ridere
1144 1141 1283 1231 picturas
1299 1140 1486 1237 incipientes
1506 1141 1547 1205 ab
1564 1140 1696 1205 homine
1719 1156 1753 1205 et
1773 1142 1809 1206 in

203 1258 326 1322 aunum
350 1256 544 1325 desinentes.
567 1260 722 1337 Revolve,
748 1283 869 1349 queso,
894 1260 989 1349 prisci
1013 1284 1109 1350 super
1127 1261 1215 1325 hunc
1238 1260 1356 1325 librum
1379 1276 1588 1326 monumenta
1611 1260 1749 1348 ingenii,
1774 1276 1808 1325 et

201 1376 326 1442 nullum
341 1379 492 1468 reperies,
510 1379 566 1469 qui
582 1380 615 1444 in
626 1378 810 1466 hujusmodi
830 1380 963 1445 materia
979 1379 1078 1444 tristia
1093 1379 1174 1445 laetis
1186 1379 1397 1445 confoederet.
1414 1379 1511 1446 Unde
1527 1379 1665 1446 Rheticii
1678 1381 1808 1470 Augus·

200 1490 388 1563 toduriensis
404 1522 502 1564 aurea
519 1500 564 1564 sic
581 1498 743 1589 depromit
750 1523 907 1564 camoena:
927 1500 1020 1565 «Mos
1036 1515 1094 1582 est,
1110 1500 1225 1589 inquit,
1239 1523 1403 1590 generosae
1419 1501 1561 1565 materiae
1575 1498 1804 1584 observandus,

200 1620 316 1712 Sponsi
336 1622 531 1713 Spommque
555 1624 695 1714 tripudia
720 1625 830 1690 festiva
852 1624 933 1690 tuba
948 1624 1140 1714 persultent.
1160 1625 1272 1714 Neque
1300 1628 1387 1690 enim
1411 1627 1444 1690 in
1464 1625 1574 1691 funera
1603 1624 1651 1690 fas
1675 1623 1808 1705 distrahi

200 1743 362 1823 animum,
390 1743 545 1833 quoniam
572 1742 616 1808 ad
646 1743 877 1834 exponendum
909 1745 1033 1811 cantica
1061 1745 1246 1835 nuptiarum
1271 1745 1384 1810 inritat
1413 1745 1558 1810 alacritas
1583 1743 1805 1809 convivarum.

199 1860 265 1927 Sed
281 1864 437 1953 quoniam
451 1839 549 1929 tantae
565 1863 721 1930 facultatis
734 1866 817 1931 ratio
830 1867 865 1931 in
880 1865 975 1932 nobis
988 1864 1040 1932 rel
1057 1865 1146 1930 nulla
1161 1882 1221 1947 est,
1237 1865 1289 1931 vel
1303 1865 1482 1931 admodum
1498 1865 1590 1943 orba,
1607 1864 1675 1949 ejus
1689 1862 1808 1927 innitar

199 1983 324 2072 graue,
342 1986 398 2074 qui
414 2008 472 2076 per
487 1985 699 2076 Evangelium
712 2009 806 2051 suum
822 2001 916 2052 sonat
935 2009 944 2051 t
963 1985 1038 2052 Sine
1055 2009 1107 2052 me
1123 1985 1203 2059 nihil
1220 1987 1353 2076 potestis
1368 1987 1484 2051 lacere.
1499 1984 1612 2073 Neque
1626 1999 1712 2048 certe
1729 1982 1808 2048 mihi

199 2099 327 2168 deficiet
337 2094 556 2170 transitorium
570 2105 718 2187 verbum,
736 2127 811 2170 cum
827 2104 958 2171 credam
973 2107 1007 2171 in
1018 2106 1164 2171 Verbum
1183 2104 1272 2196 quod
1283 2122 1331 2171 est
1346 2107 1380 2169 in
1393 2105 1552 2195 principio
1565 2101 1651 2193 apud
1665 2103 1803 2167 Deum.»

195 2221 228 2286 0
241 2246 306 2288 rox
331 2224 499 2290 Catholico
523 2223 621 2316 digna
642 2223 791 2290 doctore¹
819 2227 849 2290 Ο
874 2224 976 2291 fidelis
1001 2225 1166 2291 confessor
1195 2227 1323 2316 gratie!
1348 2226 1447 2294 Recte
1470 2222 1736 2314 perpendiculum
1759 2221 1809 2287 sui

191 2341 308 2428 judicii
331 2343 380 2409 vir
403 2345 529 2436 sapiens
552 2345 700 2421 lineavit,
727 2346 784 2436 qui
809 2369 982 2411 moerorem
1006 2369 1024 2410 a
1056 2347 1177 2437 gaudio
1203 2360 1294 2410 tanto
1322 2345 1492 2410 interstitio
1515 2343 1732 2433 sequestravit.
1757 2342 1809 2406 Tu

195 2485 275 2528 vero
300 2465 455 2559 terminos
477 2464 728 2557 transgrediens,
751 2489 832 2555 quos
853 2482 1029 2557 posuerunt
1045 2467 1157 2533 Patres
1176 2467 1243 2548 tui,
1272 2468 1397 2531 cantica
1417 2465 1451 2528 in
1466 2463 1589 2555 elegos,
1608 2463 1750 2527 camnine
1772 2461 1808 2526 in

195 2583 330 2649 threnm
352 2601 437 2650 sorte
461 2586 636 2650 miserabili
656 2588 851 2653 convertisti.
883 2585 981 2671 Quod
1002 2589 1029 2653 si
1051 2589 1111 2652 tibi
1132 2587 1280 2653 deessent
1301 2585 1520 2652 ecclesiasticae
1541 2584 1619 2651 scita
1641 2604 1802 2667 censuras,

193 2703 338 2771 recolere
351 2719 480 2794 poteras
495 2706 592 2770 etiam
608 2706 735 2797 gentilis
750 2704 895 2771 instituta
910 2706 1101 2797 prudentiae.
1120 2707 1206 2771 Nam
1219 2730 1294 2773 cum
1309 2706 1423 2770 Zeuxis
1438 2705 1542 2795 pictor
1559 2703 1694 2769 eximius
1709 2703 1806 2767 simu·

196 2832 321 2900 lacrum
337 2832 470 2898 Helenae
490 2834 606 2924 pinxit,
629 2857 694 2900 non
717 2835 748 2900 ei
768 2834 901 2901 brachia
922 2836 1042 2920 simiae,
1060 2858 1121 2902 nec
1136 2835 1288 2901 chimera
1302 2850 1463 2915 ventrem,
1485 2856 1546 2900 nec
1559 2831 1696 2898 caudam
1711 2830 1805 2921 piscis

195 2955 334 3044 aptarit,
355 2953 413 3019 sed
428 2955 646 3020 humanorum
658 2957 880 3022 membrorum
894 2956 1091 3046 expolitione
1107 2955 1287 3047 perfectum
1301 2953 1438 3046 publicis
1463 2951 1594 3020 usibus‘
1612 2952 1801 3046 propalavit.

196 3073 351 3164 Alioquin
366 3073 520 3142 indecens
535 3091 568 3141 et
582 3074 755 3143 ridiculosa
770 3093 853 3143 esset
867 3078 1005 3168 pictura.
1022 3076 1119 3143 Unde
1137 3078 1290 3143 Horatius
1305 3077 1339 3141 in
1354 3065 1435 3141 Arte
1441 3073 1593 3166 poeticn⁸
1614 3096 1624 3140 t

521 3267 658 3325 Hammo
673 3266 761 3346 capiti
772 3267 916 3326 cervicem
929 3267 1024 3346 pictor
1035 3267 1173 3347 eqmnam

519 3363 649 3439 langere
660 3361 685 3420 si
696 3360 777 3431 velit,
787 3374 817 3420 et
829 3362 924 3420 varias
935 3361 1074 3421 inducere
1088 3359 1215 3440 plumas,

518 3452 656 3532 Undique
670 3454 782 3513 collatis
794 3454 947 3528 membris3
963 3468 996 3513 ut
1011 3454 1136 3534 turpiter
1151 3466 1248 3514 atrum

521 3547 641 3605 Desinat
652 3548 683 3607 iu
699 3547 808 3627 piscem
821 3548 927 3608 mulier
938 3548 1065 3608 formosa
1077 3567 1204 3628 superne
1217 3567 1225 3607 :

520 3643 686 3722 Spectatum
700 3641 831 3717 admissi,
850 3642 941 3702 risum
953 3642 1074 3702 teneatis
1090 3641 1187 3704 amici.

193 3829 353 3897 Concedit
371 3856 439 3916 ars,
456 3850 493 3899 ut
509 3836 598 3926 quod
619 3837 696 3904 velis
717 3839 870 3930 incipias,
893 3838 951 3906 sed
970 3863 1038 3906 non
1059 3854 1097 3904 ut
1112 3836 1290 3929 quemlibet
1309 3835 1409 3900 linem
1428 3831 1538 3923 coeptis
1550 3830 1613 3896 tuis
1626 3851 1798 3920 supponas.

191 3949 290 4019 Unde
305 3952 395 4020 idem
411 3970 508 4046 poeta
524 3956 622 4047 paulo
639 3975 714 4049 post
728 3957 871 4050 scripsit*
894 3982 904 4025 t
959 3953 964 3963 ’

518 4198 660 4219 .....
686 4155 851 4216 Pictoribus
866 4168 954 4234 atque
967 4155 1060 4235 poetis

517 4246 666 4324 Quidlibet
680 4248 808 4310 audendi
820 4269 935 4331 semper
948 4250 1003 4310 hait
1020 4267 1105 4330 reque
1119 4258 1257 4329 potestas.

223 4485 1503 4554 ¹1ntuutmoneroterutmo.-²antnmnvtatm.-⁸term-Quicquam.
