4559 6100
683 562 728 634 ΙΝ
755 557 1005 631 Ertstocatt
1030 558 1092 629 to
1119 558 1347 634 ROMANOS.
1746 566 1812 637 27⁴

213 706 363 790 luetati?
382 731 400 776 u
416 707 538 780 Gratia
554 707 635 799 Dei,
654 735 670 775 u
690 707 728 779 id
745 724 797 781 est
814 734 889 781 non
907 710 976 802 lex,
997 731 1072 779 non
1089 707 1246 805 propriae
1263 708 1370 801 vires,
1390 731 1464 782 non
1490 709 1658 807 quaelibet
1678 711 1817 806 merita,

212 826 275 899 sed
292 827 415 898 divina
442 826 617 901 beneficia
634 828 741 926 gratis
762 827 870 901 trobis
888 854 953 928 per
971 833 1107 920 iesum,
1134 825 1176 920 id
1201 842 1255 899 est
1279 827 1496 901 salvatorem
1518 830 1647 903 mundi
1675 831 1816 906 collata.

212 951 302 1018 Cum
317 963 438 1020 autem
455 948 578 1021 subdit
596 948 777 1022 Christum
792 964 827 1022 et
849 950 1050 1022 Dominum
1077 962 1258 1043 nostrum,
1282 950 1482 1049 potentiam
1502 965 1540 1022 et
1553 950 1727 1048 justitiam
1746 976 1821 1050 qua

212 1066 348 1139 saivare
360 1082 481 1166 queat,
496 1068 603 1142 nobis
619 1071 791 1144 ostendit.
807 1071 967 1144 Christus
983 1070 1120 1170 quippe
1133 1068 1171 1141 id
1181 1082 1234 1141 est
1251 1083 1394 1163 unctus,
1413 1071 1548 1166 regiam
1567 1096 1677 1170 quam
1692 1070 1818 1166 habet,

213 1202 426 1286 potestatem
439 1192 616 1289 exprimit.
629 1197 720 1264 Cum
730 1217 818 1265 vero
826 1194 890 1284 ait,
901 1222 918 1263 ιι
927 1192 1127 1265 Dominum
1141 1204 1319 1282 nostrum,
1333 1220 1350 1257 u
1360 1192 1418 1286 jus
1428 1190 1529 1288 quod
1541 1191 1651 1264 habet
1663 1193 1700 1264 in
1714 1192 1822 1266 nobis

213 1319 384 1405 tanquam
402 1312 512 1382 servis
524 1311 611 1402 suis,
624 1311 860 1407 demonstrat,
878 1327 918 1386 nt
931 1338 998 1385 nos
1005 1312 1101 1411 juste
1114 1335 1135 1384 a
1149 1309 1313 1383 dominio
1323 1312 1462 1412 peccati
1471 1313 1545 1385 sive
1557 1311 1693 1385 diaboli
1709 1313 1821 1412 possit

212 1445 401 1526 ernereget
418 1454 439 1503 a
455 1433 661 1531 captivitate
680 1434 848 1533 praedicta
868 1449 1041 1533 tauquam
1057 1458 1141 1506 suos
1157 1431 1344 1507 reducere.
1372 1463 1391 1501 α
1407 1433 1521 1529 Igitur
1545 1459 1627 1532 ego.
1651 1464 1669 1501 2>
1699 1437 1821 1523 Quan-

211 1543 411 1646 doquidem
428 1576 493 1650 per
507 1554 698 1647 rationem,
717 1570 758 1627 ut
776 1554 913 1628 dictum
931 1571 996 1648 est,
1016 1554 1156 1627 bonum
1170 1554 1270 1653 quod
1290 1554 1347 1627 lex
1369 1555 1530 1655 praecipit
1544 1553 1644 1646 volo,
1668 1555 1731 1627 sed
1755 1579 1820 1654 per

211 1685 399 1766 peccatum
426 1672 527 1771 quod
548 1673 687 1749 habitat
712 1677 749 1748 in
771 1701 880 1749 carne
904 1657 997 1766 mea,
1026 1677 1163 1749 malum
1182 1701 1327 1775 operor.
1349 1707 1367 1743 ιι
1386 1676 1496 1773 igitur
1513 1690 1648 1767 mente,
1673 1675 1819 1749 »idest

211 1790 352 1863 ratione
378 1794 496 1867 servio
526 1792 596 1892 legi
624 1796 705 1890 Dei,
730 1802 895 1895 pronus¹
925 1796 1091 1869 videlicet
1117 1796 1164 1869 ad
1193 1796 1440 1869 obediendum
1471 1798 1505 1869 ei
1530 1822 1595 1897 per
1623 1797 1815 1870 rationem.

211 1909 281 1982 Sed
297 1936 365 2010 ego
378 1913 457 2013 ipse
471 1938 593 2006 carne,
614 1915 734 2010 idest,
751 1916 904 1990 carnalis
916 1915 1095 1989 desiderio
1111 1918 1305 2017 voluptatis
1321 1917 1541 2008 stimulante,
1569 1947 1586 1983 α
1612 1917 1728 1989 servio
1749 1917 1820 2014 legi

211 2034 362 2130 peccati,
376 2062 394 2102 u
413 2034 449 2104 id
467 2048 533 2127 est,
548 2037 667 2135 pravis
685 2038 985 2137 concupiscentiae
1002 2037 1290 2135 suggestionibus
1306 2039 1411 2137 quasi
1423 2039 1493 2136 legi
1511 2036 1659 2110 obedio.

261 2181 279 2221 ιι
295 2152 393 2225 Nihil
410 2178 508 2251 ergo.
533 2184 552 2224 u
577 2156 672 2245 Quia
693 2157 872 2252 videlicet,
898 2171 938 2230 ut
964 2157 1186 2251 dictumest,
1212 2160 1323 2255 gratia
1345 2161 1412 2231 Dei
1434 2183 1500 2258 per
1520 2157 1703 2230 Christum
1733 2182 1818 2230 suos

210 2268 352 2366 liberat,
370 2298 455 2372 ergo
479 2273 558 2346 «nit
570 2274 813 2349 damnationis
829 2278 886 2350 his
903 2278 979 2376 qui,
1000 2294 1086 2369 ete,
1103 2307 1122 2347 u
1142 2277 1181 2350 id
1206 2295 1259 2351 est
1290 2281 1353 2377 qui
1376 2279 1414 2350 in
1442 2279 1515 2349 hoc
1545 2276 1817 2376 superedificati

211 2406 292 2464 sunt
306 2394 556 2468 fundamento.
577 2398 774 2484 Quomodo
789 2413 910 2471 autem
926 2398 994 2471 hos
1010 2422 1233 2495 cognoscere
1248 2399 1430 2472 valeamus
1447 2397 1677 2471 determinat.
1706 2409 1731 2466 ιι·
1744 2396 1817 2485 Qui

211 2513 375 2588 videlicet
391 2542 467 2588 nou
486 2517 673 2591 ambulant
689 2519 890 2591 secundum
907 2544 1067 2614 carnem,
1086 2551 1104 2588 s
1123 2518 1162 2591 id
1186 2534 1238 2592 est
1258 2521 1287 2591 si
1311 2517 1460 2617 quando
1483 2542 1549 2617 per
1571 2516 1816 2589 infirmitatem

212 2636 328 2707 carnis
343 2636 501 2735 aliquam
516 2636 701 2730 labuntur,
720 2639 812 2711 sicut
827 2638 909 2711 iecit
928 2644 1066 2730 Petrus,
1085 2653 1240 2711 mortem
1259 2640 1389 2711 timens
1405 2662 1633 2738 corpoream,
1646 2662 1722 2709 non
1734 2662 1816 2736 per·

211 2770 374 2829 severant
390 2771 472 2855 post
490 2760 802 2858 concupiscentias
820 2784 915 2850 suas,
935 2760 1058 2831 eundo
1072 2758 1119 2831 de
1136 2759 1226 2830 vitio
1251 2758 1293 2852 in
1313 2759 1454 2831 vitium.
1488 2762 1560 2829 Lex
1588 2757 1685 2828 enim
1711 2755 1814 2849 dixit,

212 2877 295 2972 quia
311 2878 424 2974 gratia
438 2879 504 2950 Dei
520 2878 685 2952 liberavit
701 2905 786 2952 eum
798 2905 865 2979 per
879 2880 1074 2972 Christum,
1091 2895 1126 2952 et
1139 2878 1329 2976 quomodo
1346 2878 1384 2951 id
1401 2878 1463 2952 frat
1480 2902 1579 2950 nuuc
1592 2877 1717 2975 aperit,
1732 2879 1818 2974 quia

211 2995 265 3071 tex
277 2999 424 3099 spiritus
441 3002 534 3095 vitae,
556 3001 595 3074 id
617 3016 670 3076 est
693 3004 749 3077 lex
773 3002 929 3077 caritatis
946 3016 981 3074 et
997 3001 1111 3075 divini
1129 3001 1265 3075 amoris
1281 3001 1527 3101 potiusquam
1546 3000 1697 3092 timoris,
1726 2999 1817 3072 sicut

212 3137 286 3194 erat
297 3121 356 3194 lex
372 3137 488 3215 vetus,
510 3153 528 3192 ιι
544 3126 580 3195 in
597 3123 738 3208 Christo
755 3128 850 3219 Jesu,
870 3154 888 3192 u
909 3123 946 3195 id
967 3139 1021 3196 est
1036 3149 1103 3223 per
1119 3149 1205 3196 eum
1221 3123 1328 3195 nobis
1342 3123 1427 3195 data
1443 3138 1480 3197 et
1496 3121 1665 3208 exhibita,
1691 3151 1708 3190 a
1725 3119 1815 3192 libe·

211 3242 300 3314 ravit
318 3266 378 3315 me
398 3245 511 3342 alege
531 3248 681 3344 peccati,
697 3276 715 3317 u
741 3263 777 3320 et
796 3246 881 3318 ideo
900 3245 1039 3336 mortis,
1066 3244 1104 3316 id
1126 3258 1180 3316 est
1197 3268 1218 3317 a
1236 3245 1422 3343 praeceptis
1440 3243 1498 3315 rei
1523 3240 1813 3337 suggestionibus

211 3364 365 3436 carnaiis
381 3367 693 3465 concupiscentiae,
713 3393 760 3440 ne
777 3368 827 3440 eis
844 3365 978 3438 scilicet
995 3364 1259 3437 consentiendo
1276 3364 1460 3437 obediam.
1479 3362 1633 3462 Spiritus
1656 3361 1748 3450 vitae,
1777 3362 1816 3433 id

210 3497 260 3555 oet
275 3484 428 3583 Spiritus
446 3500 602 3580 sanctus,
623 3488 686 3586 qui
702 3502 756 3560 est
772 3488 844 3561 rita
859 3487 1075 3577 animarum,
1095 3485 1181 3587 quia
1199 3509 1303 3556 amor
1318 3498 1383 3557 est.
1405 3483 1492 3556 Ideo
1511 3481 1566 3555 lex
1584 3480 1694 3577 hujus
1712 3481 1816 3580 spiri·

211 3615 265 3676 tus
280 3603 338 3677 lex
351 3606 626 3680 amorisdicitur
638 3607 732 3682 iiiios
744 3632 932 3707 generans,
945 3632 1021 3680 non
1031 3631 1156 3679 servos
1165 3606 1430 3703 constringens,
1445 3603 1485 3676 id
1500 3617 1552 3676 est
1567 3599 1812 3698 Evangelium,

210 3723 310 3821 quod
325 3739 441 3798 totum
461 3727 608 3801 caritate
626 3729 797 3802 refertum
820 3743 884 3801 est.
907 3727 1013 3800 Unde
1034 3741 1070 3800 et
1091 3725 1138 3799 ad
1163 3724 1344 3798 Christum
1364 3725 1540 3797 dicitur¹t
1564 3754 1581 3790 u
1603 3722 1741 3828 Diffusa
1764 3737 1818 3795 est

211 3847 322 3942 gratia
338 3847 375 3919 in
387 3846 490 3920 labiis
508 3849 590 3943 tuis,
605 3882 623 3917 »
640 3851 727 3949 quia
741 3865 816 3923 tota
831 3848 909 3947 ejus
927 3846 1135 3948 praedicatio
1153 3847 1301 3918 caritate
1326 3846 1434 3946 piena
1459 3859 1524 3916 est.
1551 3842 1655 3915 Unde
1676 3859 1712 3915 et
1737 3845 1817 3943 Spi-

210 3966 298 4038 ritus
311 3965 499 4066 Appstolos
513 3969 657 4068 replens
674 3971 835 4061 scientia,
855 3970 945 4041 sicut
959 3969 1172 4066 promiserat
1188 3967 1297 4039 Filius
1310 3966 1481 4040 dicens⁸z
1504 3994 1522 4035 ιι
1542 3963 1605 4036 iile
1622 3989 1688 4035 vos
1706 3964 1817 4036 doce·

209 4082 262 4158 bit
277 4089 446 4159 omnia.»
462 4092 550 4176 Quae
567 4091 675 4162 etiam
688 4091 851 4163 doctrina
869 4088 1101 4186 significatur,
1123 4112 1207 4160 cum
1220 4087 1370 4159 dicitur⁸
1391 4113 1399 4157 :
1422 4115 1439 4155 u
1452 4090 1582 4158 Factus
1599 4099 1652 4156 est
1669 4097 1815 4182 repente

209 4203 257 4279 de
271 4206 366 4279 eoeio
382 4231 506 4301 sonus,
522 4240 541 4274 »
560 4209 597 4281 id
614 4224 666 4282 est
693 4236 812 4283 sermo
830 4209 1069 4306 intelligentiae
1079 4209 1192 4280 iactus
1202 4208 1254 4279 eis
1265 4232 1330 4305 per
1342 4205 1616 4305 inspirationem
1628 4204 1664 4275 iu
1678 4218 1812 4289 mente,

208 4330 342 4399 rnerito
357 4330 394 4399 in
412 4330 524 4425 igneis
541 4330 807 4404 demonstratus
820 4346 873 4403 est
888 4330 1033 4427 linguis,
1060 4354 1144 4401 cum
1169 4353 1298 4400 eorum
1321 4326 1455 4399 scilicet
1476 4325 1606 4421 linguae
1632 4322 1722 4395 nihii
1747 4323 1816 4395 nisi

207 4448 367 4521 caritatis
382 4448 559 4522 servorem
580 4471 698 4526 essent
709 4453 965 4552 [uindicatum.
1486 4532 1489 4550 λ

261 4598 280 4637 ιι
296 4573 386 4641 Nam
400 4570 514 4668 qnod.
531 4603 548 4639 u
572 4574 726 4673 Exponit
741 4571 929 4671 quomodo
945 4571 983 4643 iu
998 4570 1142 4643 Christo
1158 4570 1203 4642 sit
1218 4566 1390 4640 liberatus
1400 4592 1421 4638 a
1432 4566 1510 4663 lege
1524 4565 1674 4664 peceati.
1690 4595 1707 4630 (ι
1725 4569 1816 4636 Nam

203 4693 308 4761 Deus
327 4694 444 4783 Pater,
463 4723 480 4758 u
501 4693 537 4766 id
559 4709 613 4766 est
630 4695 762 4767 divinae
781 4692 950 4792 potentiae
966 4692 1144 4789 majestas.
1173 4720 1191 4759 ιι
1211 4690 1304 4760 Misit
1319 4688 1450 4759 Filium
1473 4711 1581 4758 suum
1597 4686 1635 4757 in
1650 4685 1815 4756 similitu·

203 4793 334 4882 dinem
353 4813 471 4883 carnis
486 4816 637 4912 peccati,
655 4844 673 4883 u
693 4814 729 4887 id
746 4829 800 4886 est
821 4827 1038 4885 coaeternam
1055 4812 1123 4885 sibi
1147 4810 1360 4911 sapientiam
1389 4807 1471 4880 iecit
1496 4804 1679 4878 humiliari
1703 4826 1815 4898 usque

202 4928 258 5003 ad
274 4933 560 5032 assumptionem
573 4934 751 5035 passibil'n
771 4948 807 5006 et
830 4931 991 5005 mortalis
1012 4933 1185 5023 hominis,
1209 4933 1258 5004 ita
1281 4945 1321 5002 ut
1343 4953 1408 5028 per
1426 4950 1571 5027 poenam
1595 4922 1732 5023 peccati
1755 4920 1815 4994 cui

238 5209 461 5262 *suaromton
469 5209 667 5276 videliee25quod
674 5212 974 5264 sensucaret.-²Psalm.
981 5209 1307 5277 xnv,r.t.-³toan.,cap.
1314 5218 1363 5267 nr,
1371 5201 1711 5267 r.26.-⁸act.Apest.‚up.
1721 5210 1748 5261 tt,
1755 5208 1780 5249 t.
1789 5202 1813 5253 2.
