4559 6100
480 520 549 590 tto
642 476 648 491 ’
1069 514 1457 590 emulantium

480 666 568 744 duin
583 667 653 741 sibi
673 668 719 742 sit
734 666 791 741 vel
808 667 1077 756 dimittendum,
1095 668 1179 741 licet
1194 695 1295 768 aeque
1313 686 1506 769 utrumque
1523 671 1559 742 in
1576 682 1697 742 nostra
1716 668 1761 741 sit
1777 681 1966 767 potestate,
1986 670 2075 744 libe·

479 817 560 865 rum
574 812 801 888 nequaquam
814 803 866 862 est
881 787 1081 862 arbitrium.
1100 789 1173 861 Etsi
1185 790 1282 863 enim
1295 789 1403 863 bruta
1415 791 1583 864 animalia
1598 787 1761 886 quaedam
1775 813 1841 887 per
1858 789 2076 864 voluntatem

480 935 581 983 suam
608 910 724 982 iacere
748 923 899 1009 possunt
918 908 973 980 vel
993 907 1191 1001 dimittere,
1211 911 1296 1007 quia
1312 924 1430 984 tamen
1444 909 1582 1008 judicio
1599 908 1746 983 rationis
1761 922 1901 997 carent,
1924 908 2075 983 liberum

480 1055 554 1103 non
572 1028 708 1104 habent
725 1028 925 1102 arbitrium.
943 1027 980 1099 Si
999 1028 1082 1126 quis
1106 1027 1213 1102 etiam
1230 1027 1299 1101 tale
1318 1027 1407 1126 quid
1423 1029 1507 1101 velit
1528 1053 1570 1101 ac
1584 1027 1744 1126 disponit
1760 1026 1896 1118 iacere,
1916 1027 2014 1126 quod
2039 1029 2075 1100 in

480 1151 556 1248 ejus
573 1172 648 1222 non
666 1150 711 1222 sit
726 1160 923 1248 potestate,
938 1146 994 1220 vel
1007 1146 1107 1246 quod
1124 1148 1202 1220 sine
1215 1149 1449 1249 dispositione
1461 1149 1572 1248 ipsius
1587 1172 1688 1245 aeque
1702 1145 1824 1238 fieret,
1843 1147 1879 1219 in
1898 1147 1970 1220 lroc
1988 1146 2076 1220 libe·

480 1297 563 1343 rum
575 1269 762 1344 arbitrium
777 1292 853 1339 non
876 1266 996 1340 habet.
1015 1266 1124 1340 Verbi
1140 1268 1274 1365 gratia,
1289 1293 1381 1368 saepe
1404 1268 1487 1342 talia
1505 1294 1572 1340 uos
1587 1268 1703 1340 facere
1722 1268 1976 1367 proponimus,
1996 1293 2076 1365 quae

482 1389 621 1488 decepti
637 1413 703 1460 nos
715 1412 822 1487 posse
840 1386 989 1487 implere
1006 1385 1244 1481 confidimus,
1263 1404 1297 1461 et
1313 1411 1577 1486 nonnunquam
1597 1388 1745 1460 nitimur
1760 1389 1818 1461 vel
1834 1385 2076 1460 desideramus

480 1525 519 1583 ut
535 1534 577 1583 ea
592 1508 680 1581 liant
693 1560 702 1597 ,
717 1532 795 1605 quae
808 1531 882 1578 non
900 1506 1020 1578 minus
1031 1505 1159 1581 fierent
1175 1506 1311 1606 absque
1324 1524 1450 1581 nostro
1465 1509 1664 1608 proposito.
1679 1508 1800 1581 Veluti
1811 1507 1841 1579 si
1853 1508 1915 1605 qui
1930 1506 2076 1580 diutinis

478 1630 596 1730 poenis
614 1627 710 1700 mori
722 1641 920 1724 cogantur,
937 1642 973 1700 et
989 1643 1105 1699 morte
1121 1629 1199 1727 ipsa
1212 1628 1389 1701 cruciatus
1405 1626 1509 1701 finire
1522 1627 1744 1718 desiderent,
1761 1641 1796 1700 et
1811 1625 1857 1701 ad
1872 1626 1945 1699 hoc
1960 1627 2074 1698 nitan-

479 1766 551 1844 tur,
570 1771 819 1847 nequaquam,
837 1772 921 1820 cum
939 1745 1134 1840 idacoidit,
1151 1772 1195 1820 ex
1206 1746 1322 1820 libero
1338 1772 1403 1821 suo
1417 1747 1565 1821 arbitrio
1582 1761 1838 1846 assequuntur3
1859 1747 1962 1845 quod
1977 1745 2075 1819 ride·

478 1872 562 1944 licet
579 1895 654 1975 non
671 1871 792 1941 minus
807 1869 1032 1965 contingeret
1047 1869 1098 1940 eis
1111 1868 1217 1940 etiam
1233 1866 1323 1940 nihil
1336 1866 1422 1941 inde
1431 1866 1773 1969 praemeditantibus.
1789 1871 1833 1939 Et
1843 1867 1920 1938 haec
1929 1864 2075 1964 quidem

480 1990 584 2065 liberi
592 1989 732 2063 arbitrii
749 1987 911 2062 delinitio
927 1988 1130 2062 nullatenus
1146 1990 1182 2060 in
1200 1993 1317 2060 Deum
1333 1988 1450 2083 cadit,
1465 1988 1577 2062 sedin
1593 2012 1656 2060 eos
1673 2001 1814 2060 tantum
1826 1987 1888 2086 qui
1904 1985 2075 2058 volunta·

481 2127 555 2186 tem
574 2127 734 2201 mutare,
755 2124 792 2187 et
814 2110 852 2181 in
869 2108 1048 2182 contraria
1066 2123 1216 2207 possunt
1236 2107 1444 2198 deflectere;
1463 2124 1502 2181 ut
1516 2107 1681 2181 videlicet
1697 2108 1734 2179 in
1753 2131 1878 2180 eorum
1903 2108 1949 2178 sit
1973 2120 2074 2205 pote·

482 2242 572 2305 state
586 2232 623 2303 id
635 2228 735 2329 quod
749 2228 890 2326 eligitur
904 2242 978 2300 tam
994 2227 1172 2313 dimittere
1185 2252 1295 2328 quam
1310 2227 1438 2302 facere.
1448 2229 1612 2326 Denique
1625 2242 1660 2301 et
1676 2226 1843 2300 nonnulli
1860 2225 2016 2299 liberum
2027 2224 2074 2298 ad

482 2352 553 2426 boc
572 2351 792 2425 reduxerunt
808 2347 1017 2442 arbitrium,
1035 2363 1074 2420 ut
1094 2348 1151 2420 his
1174 2362 1313 2421 tantum
1332 2348 1400 2449 ipsi
1417 2332 1617 2421 concedant
1632 2372 1710 2445 quae
1732 2361 1769 2420 et
1790 2345 1883 2420 bene
1902 2345 2018 2419 facere
2040 2358 2073 2417 et

480 2473 577 2546 male
590 2482 753 2572 possunt.
770 2473 935 2558 Quorum
952 2469 1162 2569 opinionem
1182 2467 1308 2542 beatus
1330 2493 1479 2569 quoque
1501 2469 1740 2567 Hieronymus
1757 2482 1900 2541 secutus
1920 2465 2073 2538 Homilia

480 2592 539 2665 illa
559 2591 606 2665 de
622 2591 696 2663 filio
716 2589 887 2690 prodigo,
908 2591 1001 2662 inter
1016 2603 1140 2662 caetera
1156 2589 1206 2660 sic
1224 2589 1297 2661 ait:
1319 2621 1336 2657 a
1355 2588 1459 2661 Solus
1471 2593 1567 2662 Deus
1582 2603 1634 2661 est
1650 2589 1686 2660 in
1704 2612 1778 2687 quo
1794 2602 1981 2687 peccatum
1999 2610 2071 2657 nou

482 2710 598 2800 cadit;
617 2725 763 2803 caetera,
782 2733 866 2781 cum
885 2711 957 2781 sint
973 2707 1076 2780 liberi
1091 2706 1250 2798 arbitrii,
1268 2709 1304 2781 io
1322 2723 1514 2809 utrumque
1530 2725 1680 2809 possunt
1691 2733 1793 2782 suam
1806 2707 1994 2781 deflectere
2010 2729 2073 2777 ro-

480 2830 668 2904 luntatem.
684 2860 702 2897 »
719 2833 853 2903 ltvero
862 2830 925 2928 qui
939 2827 1143 2926 diligentius
1155 2827 1310 2901 liberum
1322 2828 1508 2903 arbitrium
1516 2831 1709 2930 inspexerit
1719 2885 1729 2923 ,
1741 2828 1830 2902 nulli
1838 2825 2075 2900 benefacienti

480 2950 552 3022 hoc
569 2948 691 3023 deesse
708 2948 852 3044 dixerit3
867 2949 1021 3023 maxime
1037 2962 1157 3023 autem
1168 2952 1259 3041 Deo,
1274 2965 1308 3021 et
1319 2949 1553 3024 hisomnibus
1567 2951 1629 3048 qui
1645 2963 1744 3025 tauta
1758 2945 1979 3023 beatitudine
1992 2959 2075 3018 sunt

480 3070 724 3165 corroborati,
745 3087 784 3145 ut
796 3073 869 3170 jam
887 3071 929 3144 iu
942 3085 1129 3172 peccatum
1147 3070 1219 3144 labi
1235 3096 1310 3146 non
1327 3087 1475 3170 queant.
1491 3077 1575 3161 Quo
1587 3072 1685 3144 enirn
1706 3071 1856 3170 quisque
1881 3093 1903 3140 a
1925 3082 2074 3167 peccato

481 3195 653 3270 remotior
669 3208 742 3288 est,
761 3208 796 3267 et
810 3191 856 3266 ad
867 3192 1008 3266 bonum
1022 3193 1192 3292 pronior,
1210 3194 1363 3267 tantuin
1379 3193 1545 3293 eligendo
1563 3192 1703 3266 bonum
1723 3191 1869 3265 liberius
1888 3188 1998 3262 habet
2011 3190 2075 3287 ju·

479 3312 632 3403 dicium,
645 3328 781 3412 quanto
798 3312 845 3386 ab
861 3311 920 3386 illa
938 3312 1062 3387 ultima
1072 3314 1240 3387 servitute
1252 3316 1408 3414 peccati,
1427 3312 1473 3386 de
1490 3338 1562 3412 qua
1577 3314 1751 3414 scriptum
1767 3313 1858 3384 est¹:
1880 3340 1898 3376 ι(
1911 3310 1982 3398 Qui
1993 3307 2075 3381 facit

479 3448 679 3532 peccatum,
693 3460 815 3508 servus
824 3449 877 3508 est
886 3435 1036 3534 peccati,
1048 3465 1065 3501 r
1077 3434 1220 3531 longius
1228 3433 1377 3508 absistit.
1392 3434 1612 3508 Generaliter
1622 3435 1741 3533 itaque
1748 3456 1792 3505 ac
1799 3431 1981 3504 verissime
1989 3427 2076 3501 libe·

480 3579 560 3627 rum
570 3554 759 3629 arbitrium
770 3554 913 3647 dicitur,
924 3579 1008 3627 cum
1023 3555 1174 3653 quilibet
1186 3554 1286 3652 quod
1300 3579 1342 3627 ex
1358 3555 1499 3628 ratione
1511 3555 1719 3642 decreverit,
1736 3550 1988 3624 voluntarieac
1999 3549 2074 3620 sine

479 3674 667 3748 coactione
681 3672 878 3774 adimplere
889 3672 1032 3747 valebit.
1050 3679 1137 3762 Quae
1155 3673 1302 3771 quidem
1319 3673 1462 3747 libertas
1476 3673 1612 3748 arbitrii
1626 3688 1698 3747 tarn
1710 3678 1788 3745 Deo
1802 3694 1911 3771 quam
1919 3668 2077 3740 homini-

478 3789 551 3862 bus
563 3816 663 3890 aeque
675 3791 918 3865 indubitanter
930 3794 1034 3886 inest,
1047 3793 1254 3890 quicunque
1268 3806 1355 3866 tuuc
1366 3794 1559 3868 voluntatis
1573 3793 1738 3867 facultate
1751 3790 1879 3891 privati
1890 3813 1964 3862 non
1974 3802 2073 3877 suut,

478 3923 587 4007 atque
605 3910 661 3982 his
678 3913 869 4012 praecipue,
889 3926 929 3984 ut
941 3910 1112 4007 diximus,
1132 3913 1195 4011 qui
1210 3912 1286 4014 jam
1301 3915 1451 3986 omnino
1467 3939 1541 3988 non
1559 3926 1710 4013 possunt
1723 3934 1884 4011 peccare.
1903 3908 2077 3998 Quamvis

478 4030 577 4102 enim
589 4055 738 4129 peccare
748 4047 944 4129 nequeant,
959 4031 1162 4106 autabono
1176 4031 1276 4130 quod
1287 4032 1421 4106 faciunt
1432 4034 1580 4107 minime
1591 4058 1629 4107 se
1640 4031 1821 4106 retrabere
1831 4044 1978 4130 queant,
1990 4028 2076 4125 quia

478 4173 555 4221 non
566 4165 722 4250 oportet,
738 4177 813 4224 non
827 4152 911 4226 ideo
924 4167 1043 4226 tamen
1054 4152 1091 4225 id
1104 4151 1251 4250 alicujus
1263 4153 1458 4226 coactionis
1470 4153 1679 4226 necessitate
1688 4166 1811 4250 agunt,
1823 4147 1925 4249 quod
1935 4149 2072 4245 utique,

478 4268 594 4341 sinon
606 4270 751 4359 vellent,
768 4295 995 4370 nequaquam
1009 4272 1126 4346 facere
1139 4287 1367 4369 cogerentur.
1384 4272 1493 4361 Quod
1504 4286 1540 4346 et
1548 4273 1735 4370 diligenter
1747 4271 1872 4345 beatus
1886 4265 2076 4343 attendens

478 4389 704 4485 Augustinus,
718 4390 782 4464 lib.
801 4394 908 4483 XXll,
925 4391 971 4464 de
985 4395 1134 4466 Ciuitate
1150 4396 1231 4487 Dei,
1244 4393 1301 4466 his
1313 4395 1439 4470 astruit
1448 4392 1584 4468 verbis’
1599 4420 1607 4463 ε
1628 4393 1753 4467 «Sicut
1762 4392 1878 4491 prima
1888 4390 2077 4463 immorta-

477 4509 557 4582 litas
571 4507 649 4601 tuit,
661 4536 772 4609 quam
781 4511 968 4611 peccando
977 4511 1091 4585 Adam
1100 4513 1269 4612 perdidit,
1282 4538 1386 4612 posse
1395 4535 1471 4587 non
1481 4513 1588 4605 mori,
1601 4512 1795 4585 novissima
1805 4510 1873 4582 erit
1881 4532 1956 4581 non
1968 4531 2077 4607 posse

477 4629 590 4721 mori3
610 4629 659 4702 ita
674 4631 832 4728 primum
848 4630 1002 4705 liberum
1025 4632 1212 4705 arbitrium
1233 4657 1338 4733 posse
1359 4659 1433 4706 non
1452 4656 1620 4732 peccare,
1640 4631 1878 4704 novissimum
1897 4651 1972 4701 non
1990 4650 2076 4727 pec·

475 4773 557 4822 care
572 4774 691 4850 posse.
707 4779 725 4818 u
739 4754 826 4823 ltem
844 4737 886 4823 :a
898 4755 1002 4824 Certe
1013 4756 1109 4824 Deus
1119 4753 1195 4850 ipse
1207 4753 1398 4852 numquid,
1413 4753 1586 4852 quoniam
1599 4775 1747 4852 peccare
1757 4774 1831 4822 non
1845 4764 1976 4848 potest,
1989 4747 2076 4820 ideo

474 4868 628 4943 liberum
653 4867 839 4944 arbitrium
867 4871 1000 4947 habere
1015 4872 1202 4971 negandus
1228 4874 1307 4947 est?
1322 4888 1392 4948 etc.
1411 4904 1428 4941 r
1447 4871 1633 4972 Quidquid
1658 4872 1778 4970 itaque
1801 4871 1975 4968 gerimus,
2000 4869 2077 4940 sire

507 5153 511 5178 ¹
526 5148 613 5213 toan,
633 5164 686 5213 cap.
705 5163 762 5212 nn,
780 5166 803 5202 v.
817 5156 857 5204 tt.
872 5179 898 5188 -
910 5155 917 5184 ⁴
929 5152 987 5215 cap.
1002 5165 1063 5215 xxx,
1077 5153 1180 5218 Opp.,t.
1192 5150 1246 5214 ur,
1257 5152 1304 5202 cot.
1318 5154 1373 5203 tot.
