4559 6100
493 454 576 525 tlt
1095 453 1225 524 PETRI
1249 452 1485 527 ABAEbAllDl

494 619 551 678 tur
569 630 577 674 :
603 632 621 669 ι
640 606 736 676 Deus
749 603 840 674 sicut
855 618 1065 675 naturarum
1077 601 1258 675 bonarum
1275 605 1433 703 optimus
1451 618 1592 677 creator
1607 618 1674 696 est,
1693 606 1743 678 ita
1761 605 1935 684 malarum
1953 604 2099 677 volun·

493 735 606 795 tatum
624 722 838 819 justissimus
862 721 1063 811 ordinator,
1091 735 1132 795 ιιι
1156 748 1240 795 cum
1264 724 1323 797 ille
1339 724 1431 798 male
1456 738 1578 798 utatur
1593 726 1729 797 naturis
1751 724 1873 819 bonis,
1891 725 1967 823 ipse
1994 723 2098 798 bene

493 856 614 915 utatur
640 842 747 914 etiam
767 841 1011 915 voluntatibus
1028 842 1184 916 malis.»
1209 848 1296 918 Item
1314 843 1402 919 dicit
1422 845 1518 918 idem
1544 845 1591 919 de
1614 845 1761 919 diabolo
1782 873 1790 917 ι
1813 875 1831 914 ιι
1858 850 1975 937 Deus,
2002 870 2095 917 cum

493 986 576 1034 eum
599 962 745 1054 creavit,
768 976 804 1033 et
829 962 955 1035 futurae
979 962 1207 1061 malignitatis
1229 964 1304 1061 ejus
1330 989 1404 1036 nou
1431 978 1508 1036 erat
1530 965 1688 1062 ignarus,
1706 980 1742 1038 et
1763 964 1980 1063 praevidebat
2006 989 2094 1061 quae

492 1078 662 1154 bonade
688 1081 790 1153 malis
815 1082 890 1178 ejus
915 1096 1005 1154 esset
1030 1081 1200 1155 facturus.
1233 1112 1252 1151 a
1282 1088 1370 1157 Item
1396 1096 1479 1182 post
1503 1083 1622 1182 aliqua
1647 1111 1656 1155 ε
1677 1114 1696 1154 ιι
1719 1090 1841 1181 Neque
1866 1085 1962 1156 eninr
1989 1087 2093 1157 Deus

495 1201 606 1273 ullum
624 1227 698 1273 non
715 1201 797 1275 dico
813 1202 1024 1299 angelorum
1038 1203 1094 1276 vel
1111 1202 1303 1275 hominurn
1321 1217 1485 1296 creasset,
1503 1229 1613 1303 quem
1632 1205 1766 1277 malum
1782 1229 1859 1277 esse
1876 1206 2090 1303 praescisset,

493 1321 562 1393 nisi
593 1324 723 1420 pariter
747 1338 878 1409 nosset,
909 1322 1040 1421 quibus
1066 1349 1128 1434 pos
1147 1323 1330 1398 bonorum
1353 1325 1475 1398 usibus
1497 1326 1779 1399 commendaret.
1806 1353 1824 1393 a
1858 1327 1947 1397 ltem
1969 1325 2056 1397 alibi
2078 1353 2090 1397 z

496 1445 612 1514 «Sunt
628 1442 728 1515 bona
744 1442 895 1538 singula,
914 1443 1020 1515 simul
1037 1437 1123 1546 vero
1142 1446 1307 1517 universa
1325 1445 1428 1518 valde
1445 1444 1557 1539 bona,
1579 1447 1662 1544 quia
1680 1471 1721 1518 ex
1741 1443 1910 1518 omuibus
1927 1446 2093 1517 consistit

494 1562 732 1634 universitatis
756 1561 918 1636 amabilis
942 1562 1187 1661 pulchritudo.
1206 1593 1225 1633 n
1244 1568 1333 1637 Item
1355 1591 1363 1635 ι
1388 1595 1407 1632 ι
1423 1565 1513 1638 lllud
1539 1566 1639 1664 quod
1664 1566 1799 1638 malum
1822 1564 1965 1654 dicitur,
1991 1564 2091 1638 bene

492 1681 698 1754 ordinatum
714 1696 748 1753 et
764 1681 846 1754 loco
862 1706 929 1754 suo
939 1682 1110 1779 positum,
1129 1683 1343 1757 eminentius
1361 1685 1594 1758 commendat
1606 1684 1717 1776 bona,
1738 1699 1777 1757 ιιι
1791 1685 1904 1781 magis
1922 1685 2090 1782 placeant

491 1818 527 1874 et
543 1800 778 1874 laudabiliora
801 1802 885 1889 sint,
905 1802 994 1873 dum
1016 1818 1272 1902 comparantur
1288 1804 1409 1878 bonis.
1430 1807 1502 1876 Nec
1517 1805 1613 1877 enim
1631 1809 1727 1877 Deus
1746 1804 1976 1902 omnipotens
2001 1829 2089 1878 cum

492 1946 632 1994 summe
658 1920 778 1993 bonus
800 1921 858 2011 sit,
888 1920 961 1993 ullo
987 1921 1099 1993 modo
1123 1923 1256 1996 sineret
1279 1925 1364 1997 mali
1388 1924 1523 2022 aliquid
1551 1947 1628 1996 esse
1652 1925 1687 1996 in
1711 1923 1882 2023 operibus
1906 1924 1998 2013 suis,
2017 1925 2089 1996 nisi

491 2065 605 2139 usquc
630 2041 722 2113 adeo
746 2055 836 2113 esset
857 2042 1086 2140 omnipotens
1107 2057 1143 2115 ει
1160 2041 1298 2134 bonus,
1322 2060 1362 2117 ιιι
1387 2044 1633 2117 benefaceret
1654 2055 1690 2116 et
1715 2043 1761 2115 de
1781 2044 1890 2115 malo.
1917 2073 1934 2107 a
1960 2047 2049 2115 Item
2074 2070 2084 2114 :

494 2189 512 2230 ιι
529 2166 601 2234 Νεε
626 2160 865 2234 dubitandum
887 2176 941 2233 est
959 2166 1077 2234 Deum
1102 2162 1217 2235 facere
1238 2164 1332 2237 bene
1353 2148 1460 2237 etiam
1481 2163 1634 2237 sinendo
1657 2163 1735 2236 lieri
1751 2187 1977 2261 quaecunque
1993 2161 2087 2235 liunt

491 2281 596 2353 mala.
617 2285 695 2353 Non
715 2280 810 2353 enim
827 2281 899 2354 hoc
914 2281 984 2353 nisi
997 2282 1094 2379 justo
1107 2281 1245 2379 judicio
1263 2284 1360 2374 sinit,
1379 2300 1415 2357 ει
1431 2284 1593 2383 profecto
1609 2282 1749 2356 bonum
1766 2282 1932 2378 estquod
1947 2284 2085 2377 justum

490 2416 556 2474 est.
573 2402 745 2489 Quamvis
761 2425 846 2498 ergo
863 2425 918 2492 ea,
936 2427 1016 2500 quae
1034 2401 1141 2494 mala,
1160 2404 1197 2474 iu
1215 2419 1392 2502 quantum
1406 2404 1500 2477 mala
1516 2418 1614 2496 sunt,
1633 2428 1708 2475 non
1726 2416 1809 2474 sunt
1822 2402 1934 2490 bona,
1948 2417 2083 2494 tamen,

492 2535 532 2593 ut
557 2545 632 2593 non
660 2519 777 2592 solum
796 2519 908 2613 bona,
937 2521 1128 2593 sedetiam
1154 2523 1223 2594 sint
1243 2536 1278 2593 ει
1304 2522 1418 2615 mala,
1436 2522 1577 2594 bonum
1605 2537 1671 2594 est.
1700 2526 1791 2593 Nam
1813 2522 1881 2593 nisi
1905 2536 1996 2593 esset
2012 2521 2086 2592 boc

488 2643 643 2733 bonum,
672 2659 711 2714 ut
732 2659 850 2716 essent
873 2659 910 2716 et
920 2623 1038 2736 mala,
1065 2645 1166 2717 nullo
1184 2645 1296 2717 modo
1323 2646 1525 2717 sinerentur
1546 2644 1593 2717 ab
1618 2645 1866 2743 omnipotente
1889 2644 2005 2731 bone,
2025 2647 2086 2716 cui

490 2763 615 2863 procul
637 2762 749 2835 dubio
770 2787 879 2860 quam
899 2764 1001 2836 facile
1026 2779 1096 2857 est,
1118 2764 1219 2863 quod
1239 2764 1316 2837 vult
1335 2765 1464 2857 facere,
1490 2778 1561 2836 tarn
1588 2765 1687 2837 facile
1712 2779 1765 2837 est
1788 2759 1886 2862 quod
1907 2789 1981 2835 non
2008 2763 2087 2835 vult

491 2907 567 2956 esse
584 2908 659 2955 non
684 2884 812 2956 sinere.
834 2888 958 2982 Neque
975 2886 1071 2957 enim
1088 2884 1137 2956 ob
1155 2884 1253 2957 aliud
1271 2885 1446 2957 veraciter
1459 2900 1610 2957 vocatur
1626 2885 1876 2983 omnipotens,
1896 2882 1961 2953 nisi
1980 2906 2085 2979 quo-

489 3004 586 3078 niam
612 3002 789 3103 quidquid
805 3005 883 3077 vult
898 3017 1029 3104 potest,
1049 3029 1118 3077 nec
1140 3003 1324 3078 voluntate
1347 3004 1546 3105 cujuspiam
1567 3018 1734 3077 creaturae
1748 3002 1940 3076 voluntatis
1962 3002 2086 3074 omni-

487 3125 643 3223 potentis
659 3124 852 3224 impeditur
867 3126 1052 3200 effectus.»
1072 3128 1165 3197 Ecce
1180 3124 1309 3197 audisti
1327 3141 1449 3224 aperta
1467 3126 1606 3198 ratione
1621 3124 1827 3215 monstrari,
1844 3123 1929 3219 quia
1944 3120 2084 3193 bonum

487 3258 540 3316 est
555 3247 689 3317 malum
703 3269 791 3335 esse,
808 3247 972 3344 quamvis
989 3268 1217 3342 nequaquam
1227 3269 1352 3317 verum
1366 3246 1410 3318 sit
1421 3244 1562 3317 bonum
1575 3243 1710 3315 malum
1725 3267 1816 3316 esse.
1833 3241 1937 3313 Aliud
1951 3242 2085 3339 quippe

487 3379 541 3436 est
558 3363 691 3455 dicere,
709 3365 844 3438 malum
862 3380 915 3438 est
935 3365 1096 3457 bonum,
1122 3364 1220 3437 aliud
1242 3363 1380 3459 dicere,
1404 3365 1540 3436 malum
1563 3387 1639 3436 esse
1657 3362 1810 3435 bonum.
1838 3361 1892 3432 lbi
1916 3362 2014 3433 enim
2038 3360 2084 3432 ad

488 3509 565 3556 rem
583 3485 727 3577 malam,
751 3485 811 3557 hic
834 3485 879 3558 ad
899 3510 976 3557 rem
994 3484 1126 3557 malam
1141 3507 1217 3556 esse
1233 3484 1433 3583 applicatur
1449 3482 1602 3573 bonum,
1623 3481 1696 3553 boc
1713 3495 1767 3554 est
1782 3480 1832 3552 ibi
1848 3481 1897 3554 ad
1912 3504 2002 3572 rem,
2025 3479 2085 3551 hic

488 3603 534 3676 ad
543 3620 711 3678 eventum
722 3607 786 3678 rei.
802 3610 888 3679 Rem
906 3620 1040 3697 autem,
1056 3620 1095 3676 ut
1114 3604 1333 3697 dictumest,
1350 3628 1430 3676 eam
1447 3602 1584 3676 bonam
1601 3602 1768 3692 dicimus,
1784 3625 1865 3698 quae
1877 3625 1963 3673 cum
1979 3599 2084 3673 alicui

489 3736 572 3820 apta
587 3726 632 3795 sit
647 3726 740 3815 usui,
760 3726 891 3799 nullius
907 3727 959 3798 rei
974 3724 1210 3798 commodum
1227 3720 1284 3795 vel
1300 3723 1508 3821 dignitatem
1529 3747 1595 3822 per
1609 3746 1693 3795 eam
1709 3720 1875 3820 impediri
1896 3734 1960 3792 aut
1977 3721 2083 3792 etiam

490 3843 614 3914 minui.
633 3869 775 3916 necesse
799 3862 871 3938 est;
907 3846 1007 3945 quod
1035 3845 1183 3944 quidem
1206 3843 1372 3943 impediri
1392 3844 1459 3937 vel
1472 3844 1585 3915 minui
1620 3857 1708 3914 tunc
1731 3865 1810 3914 eam
1837 3864 1914 3912 rem
1941 3864 2084 3912 necesse

490 3975 594 4052 esset,
620 3964 649 4034 si
666 3986 731 4059 per
750 3963 826 4059 ejus
847 3968 1066 4038 contrarium
1083 3965 1343 4038 vel‘defectum
1369 3963 1521 4061 dignitas
1545 3963 1605 4035 illa
1622 3963 1677 4035 vel
1700 3959 1938 4033 commodum
1961 3983 2084 4031 neces·

490 4082 584 4153 sario
607 4106 682 4152 uon
709 4099 921 4156 remaneret.
940 4083 1049 4156 Verbi
1074 4084 1185 4180 gratia
1206 4110 1215 4154 ι
1234 4085 1305 4155 vita
1325 4083 1554 4174 immortalis,
1578 4083 1718 4171 laetitia,
1746 4081 1895 4170 sanitas,
1921 4080 2081 4169 scientia,

491 4203 629 4274 castitas
650 4202 734 4275 talia
750 4217 854 4295 sunt,
874 4226 971 4299 quae,
993 4226 1079 4274 cum
1101 4201 1237 4297 aliquid
1260 4200 1419 4274 habeant
1440 4201 1621 4299 dignitatis
1636 4202 1694 4274 vel
1711 4199 1916 4291 commodi,
1944 4213 2086 4272 constat

491 4322 578 4395 illud
602 4321 935 4423 supervenientibus
957 4322 1091 4395 horum
1115 4321 1306 4394 contrariis
1326 4346 1401 4393 non
1428 4345 1629 4394 remanere.
1656 4321 1713 4392 Sic
1738 4335 1774 4393 et
1797 4319 1971 4418 quaslibet
1992 4317 2084 4390 suh·

491 4446 638 4514 stantiae
651 4458 792 4516 constat
812 4441 928 4517 bonas
942 4468 999 4516 res
1017 4467 1096 4516 esse
1114 4440 1297 4531 dicendas,
1318 4442 1402 4539 quia
1420 4439 1657 4538 cumuliquid
1673 4437 1836 4512 conferre
1852 4439 1995 4514 valeant
2009 4441 2082 4511 uti·

490 4561 616 4654 litatis,
635 4561 726 4634 nihil
742 4587 807 4660 per
823 4587 883 4635 cas
900 4563 1084 4659 dignitatis
1107 4561 1165 4636 vel
1181 4561 1365 4635 commodi
1386 4586 1530 4636 ιιεεεεεε
1548 4575 1601 4634 εει
1622 4558 1825 4659 praepediri.
1846 4564 1935 4632 Nam
1952 4573 1988 4632 ει
2001 4583 2084 4658 per-

492 4706 614 4755 versus
628 4681 756 4770 bomo,
774 4684 837 4780 qui
859 4672 1036 4782 corruptae
1052 4682 1110 4757 vel
1131 4684 1240 4754 etiam
1261 4682 1524 4782 corrumpentis
1543 4681 1621 4752 vitae
1646 4695 1721 4770 est,
1741 4680 1833 4752 sicut
1855 4704 1931 4751 esse
1947 4694 2079 4778 posset,

491 4817 531 4874 nt
546 4827 736 4901 perversus
754 4824 829 4875 nun
844 4818 947 4893 esset,
965 4803 1119 4902 ideoque
1132 4828 1198 4903 per
1211 4826 1295 4875 eum
1312 4802 1701 4875 nonnihildeteriorari
1719 4826 1862 4874 necesse
1877 4812 1979 4873 esset.

539 4931 617 4999 Hoc
640 4942 760 5000 autem
783 4927 1000 5027 adpraesens
1020 4927 1067 5002 ad
1090 4928 1370 5026 descriptionem
1393 4927 1444 4999 rei
1467 4926 1573 4998 bonae
1597 4926 1681 4998 satis
1702 4949 1778 4998 esse
1803 4924 1969 4998 arbitror.
1988 4925 2079 4993 Cum

491 5071 577 5119 vero
594 5047 640 5120 ad
657 5062 805 5120 eventus
828 5073 962 5139 rerum,
987 5047 1059 5121 boc
1079 5064 1131 5122 est
1157 5048 1204 5122 ad
1225 5072 1289 5140 ea,
1309 5073 1388 5146 qum
1405 5071 1425 5120 a
1442 5045 1752 5145 propositionibus
1774 5045 1942 5119 dicuntur
1963 5057 2000 5117 et
2015 5066 2080 5141 per
