4559 6100
481 454 554 525 200
1083 454 1212 527 PETlll
1239 455 1473 528 temnunt

482 601 615 675 caeteris
630 604 746 701 poenis
763 615 910 675 testatur
925 626 1002 677 esse
1018 605 1257 695 mortiferum,
1276 607 1474 681 criminalia
1495 620 1641 705 peccata
1663 605 1851 705 significat,
1875 632 1955 704 quae
1977 612 2078 708 quasi

483 747 662 795 venenum
679 723 752 795 suis
765 724 1057 822 persuasionibus
1068 725 1235 824 infligunt
1251 727 1340 808 aliis.
1355 731 1438 800 Haec
1450 744 1570 800 autern
1587 727 1753 802 videlicet
1768 743 1928 827 peccata,
1940 730 1989 803 ad
2000 756 2078 829 quae

480 842 710 941 persuadent,
732 842 799 915 sub
816 842 918 917 labiis
934 869 1062 918 eorum
1078 870 1155 919 esse
1166 846 1349 935 dicuntur,
1365 847 1404 918 id
1420 861 1473 919 est
1489 847 1625 919 callidis
1641 871 1767 920 eorum
1787 849 2017 923 sermonibus
2031 852 2079 924 ita

482 964 666 1050 occultari,
681 977 721 1037 ut
738 964 973 1036 animadverti
987 964 1034 1037 ab
1050 964 1278 1038 audientibus
1296 990 1369 1038 non
1389 966 1541 1065 possint.
1561 968 1754 1041 Possumus
1767 983 1803 1040 et
1820 993 1884 1066 per
1898 994 2078 1044 venenum

483 1083 648 1182 aspidum
663 1083 875 1178 insanabile,
895 1084 985 1159 illud
1006 1087 1042 1158 in
1063 1087 1235 1183 Spiritum
1254 1100 1419 1158 sanetum
1435 1085 1675 1166 irremissibile
1695 1103 1885 1187 peccatum
1901 1090 2074 1188 accipere,

482 1204 629 1302 quando
645 1205 726 1301 quis
743 1203 908 1277 videlicet
924 1229 987 1303 per
1007 1204 1181 1279 invidiam
1194 1205 1249 1278 vel
1264 1206 1496 1304 cupiditatem
1517 1206 1674 1305 aliquem
1691 1231 1803 1306 opera
1820 1207 1977 1298 illorum,
1999 1233 2078 1305 quae

482 1346 503 1394 a
521 1327 599 1396 Deo
614 1322 690 1395 fieri
708 1348 782 1396 non
795 1323 949 1417 dubitat,
963 1323 1110 1397 diabolo
1127 1323 1267 1396 tribuit:
1286 1326 1378 1399 sicut
1394 1327 1560 1398 nonnulli
1582 1326 1788 1399 Judaeorum
1810 1325 1997 1414 iaciebant,
2014 1330 2077 1427 qui

482 1456 521 1514 ut
539 1443 715 1542 populum
735 1469 756 1516 a
773 1443 912 1516 Christo
931 1458 1145 1533 averterent,
1164 1468 1275 1543 opera
1299 1446 1375 1542 ejus
1395 1459 1569 1543 tanquam
1594 1445 1773 1519 diabolica
1797 1446 2073 1545 vituperabant:

480 1589 559 1661 quae
575 1579 695 1637 tamen
724 1566 858 1663 Spiritu
890 1565 969 1654 Dei,
1000 1564 1038 1637 id
1071 1580 1137 1654 est,
1174 1565 1297 1639 divina
1322 1568 1434 1663 gratia
1450 1565 1527 1639 freri
1545 1590 1618 1639 non
1644 1564 1871 1657 dubitabant,
1889 1580 1924 1638 et
1940 1566 2023 1639 ideo
2040 1568 2076 1641 in

482 1684 653 1783 Spiritum
682 1686 761 1777 Dei,
785 1685 824 1757 id
849 1700 916 1776 est,
947 1685 1079 1757 divinae
1108 1688 1227 1783 gratiae
1248 1686 1391 1757 donum
1412 1710 1561 1784 peccare
1583 1684 1809 1776 dicebantur,
1828 1707 1912 1757 cum
1928 1687 2078 1759 scienter

481 1803 628 1878 diabolo
641 1803 851 1897 tribuerent,
867 1805 964 1878 unde
980 1806 1179 1903 glorificare
1189 1810 1306 1879 Deum
1321 1805 1509 1896 deberent,
1527 1819 1655 1879 contra
1665 1807 1850 1905 propriam
1866 1807 2078 1880 mentientes

479 1925 750 1998 conscientiam.
772 1927 881 2014 Quod
898 1926 1045 2022 quidem
1071 1943 1261 2026 peccatum
1285 1928 1350 1999 etsi
1373 1952 1438 2026 per
1462 1928 1710 2025 poenitentiam
1733 1925 1844 1998 deleri
1867 1941 2003 2025 posset,
2030 1928 2077 2000 ita

483 2058 602 2118 tamen
631 2046 755 2118 divino
783 2047 959 2119 sancitum
986 2045 1137 2144 judicio,
1164 2062 1204 2118 ut
1224 2045 1345 2119 nullus
1365 2047 1401 2118 in
1423 2046 1496 2119 boc
1519 2045 1639 2145 lapsus
1668 2044 1912 2145 resipiscendo
1941 2046 2075 2134 redeat,

481 2178 587 2264 atque
604 2165 687 2237 ideo
706 2165 947 2239 irremissibile
964 2165 1108 2238 dicitur.
1125 2171 1203 2238 Hoc
1221 2179 1340 2239 autem
1362 2182 1550 2266 peecatum
1574 2165 1641 2238 sub
1670 2164 1772 2238 labiis
1787 2191 1914 2238 eorum
1930 2165 2073 2260 latebat,

481 2287 603 2357 nonin
614 2285 717 2359 labiis
733 2286 949 2386 apparebat;
969 2288 1054 2384 quia
1070 2286 1159 2359 duur
1182 2290 1232 2360 sic
1249 2301 1376 2358 contra
1399 2270 1585 2385 propriam
1610 2286 1867 2358 conscientiam
1890 2285 2076 2386 delinque·

480 2419 572 2494 rent,
587 2404 684 2478 aliud
701 2406 739 2477 in
755 2406 866 2482 corde
882 2405 1066 2480 habebant
1080 2430 1191 2504 quam
1208 2404 1531 2504 ore-proferebant.
1552 2437 1570 2473 s
1582 2409 1748 2493 Quorum
1770 2429 1825 2500 os,
1840 2436 1858 2475 n
1878 2406 1916 2479 id
1934 2421 1986 2479 est
2004 2422 2075 2480 tam

478 2526 546 2598 sibi
562 2528 647 2625 ipsis
656 2551 765 2623 quarn
783 2524 1107 2625 acquiescentibus,
1132 2525 1424 2598 maledictionem
1447 2526 1600 2624 acquirit
1621 2549 1644 2597 a
1665 2526 1840 2615 Domino,
1855 2539 1890 2598 et
1906 2527 2075 2599 amaritu-

478 2645 601 2720 dinem
617 2644 727 2736 illam,
745 2645 913 2719 videlicet
928 2644 975 2716 de
994 2670 1067 2742 qua
1083 2670 1149 2743 per
1170 2644 1387 2745 Prophetam
1404 2645 1577 2719 dicitur¹z
1602 2675 1619 2713 u
1639 2649 1718 2717 Vox
1736 2643 1808 2717 diei
1826 2645 1921 2718 illius
1939 2669 2073 2736 amara,

478 2764 706 2837 tribulabitur
717 2765 767 2837 ibi
781 2765 895 2837 sortis.
908 2794 926 2832 n
949 2764 1031 2837 Tale
1049 2780 1102 2837 est
1122 2795 1139 2833 a
1160 2763 1414 2837 maledictione
1429 2779 1465 2836 et
1481 2764 1736 2848 amaritudine,
1755 2792 1772 2831 n
1796 2765 1882 2837 acsi
1898 2764 2077 2838 diceretur

478 2907 599 2956 amara
615 2883 675 2956 illa
695 2885 960 2977 maledictione,
986 2909 1059 2982 qua
1083 2884 1222 2956 dicetur
1242 2883 1406 2982 reprobis
1427 2884 1464 2956 in
1482 2883 1752 2956 damnationem
1772 2886 1945 2955 eorum':
1967 2913 1985 2950 «
2005 2888 2073 2976 lte,

480 3003 672 3095 maledicti,
684 3005 721 3077 in
733 3006 852 3103 ignem
864 3020 1051 3078 aeternum.
1066 3033 1083 3071 n
1098 3004 1314 3102 Estquidem
1328 3003 1395 3077 alia
1410 3003 1613 3076 maledictio
1623 3003 1725 3101 quasi
1735 3002 1849 3075 dulcis
1860 3017 1895 3075 et
1909 3018 2073 3101 patema,

478 3123 627 3221 quando
646 3125 824 3223 aliquibus
848 3124 1082 3198 anathematis
1101 3122 1390 3202 maledictionem
1415 3123 1601 3196 inserimus
1614 3124 1662 3197 ad
1676 3124 1938 3196 correctionem
1954 3123 2076 3221 potius

476 3268 585 3341 quam
601 3244 648 3318 ad
664 3245 949 3319 damnationem.

527 3366 708 3440 «Veloces
724 3392 852 3441 eorum
874 3366 1030 3467 pedesstr
1059 3368 1094 3440 id
1113 3382 1179 3459 est,
1206 3368 1355 3440 affectus
1379 3366 1676 3471 habent'pronos
1703 3367 1749 3439 ad
1774 3365 1983 3452 homicidia,
2011 3366 2075 3436 etsi

476 3511 586 3584 opere
603 3513 678 3560 non
692 3489 944 3586 permittantur
954 3487 1116 3587 implere.
1142 3493 1205 3560 Pes
1221 3488 1332 3574 enim,
1358 3512 1432 3586 quo
1449 3485 1663 3576 incedimus,
1687 3486 1870 3575 allectum,
1887 3485 1925 3558 id
1942 3500 1995 3557 est
2011 3510 2074 3557 so·

475 3604 649 3679 luntatem
663 3607 851 3702 significat,
867 3633 941 3706 quo
957 3610 1002 3680 ad
1016 3610 1265 3707 operationem
1283 3608 1529 3707 perducimur.
1552 3637 1570 3677 a
1582 3608 1761 3681 Contritio
1784 3621 1818 3679 et
1839 3605 2035 3696 infelicitas,
2053 3633 2072 3672 n

475 3724 510 3795 id
529 3740 583 3797 est
598 3725 717 3798 infelix
737 3727 908 3798 contritio
922 3742 989 3813 est,
1010 3757 1028 3796 u
1042 3729 1078 3799 in
1095 3729 1161 3799 viis
1176 3751 1317 3821 eorum,
1332 3755 1350 3795 n
1364 3726 1403 3801 id
1421 3742 1475 3799 est
1489 3728 1526 3798 in
1539 3725 1724 3826 operibns,
1745 3751 1810 3826 per
1823 3750 1903 3823 quae
1914 3723 1961 3798 ad
1975 3748 2073 3797 mor·

474 3857 548 3916 tem
562 3860 807 3942 praeparantur
822 3860 1006 3939 aeternam,
1025 3847 1114 3920 alios
1131 3848 1239 3919 ctiam
1257 3871 1381 3919 secum
1396 3861 1637 3938 conterentes,
1655 3871 1698 3918 ac
1714 3872 1779 3946 per
1788 3843 1952 3943 exempla
1966 3845 2072 3917 etiam

475 3978 760 4064 corrumpentes,
780 3981 819 4038 ut
837 3967 908 4038 sint
925 3967 1026 4064 quasi
1046 3968 1163 4066 pulvis
1179 3966 1345 4039 dissoluti
1364 3990 1474 4063 quem
1491 3966 1633 4064 projicit
1652 3981 1781 4039 ventus
1803 3991 1826 4038 a
1849 3964 1938 4038 lacie
1957 3979 2070 4053 terra,

474 4084 511 4157 id
529 4100 595 4176 est,
613 4085 792 4160 diabolica
806 4087 967 4173 tentatio,
984 4111 1063 4183 quae
1078 4087 1151 4160 huc
1167 4102 1203 4160 et
1216 4087 1301 4177 illuc
1316 4088 1467 4186 impellit
1482 4103 1518 4160 et
1530 4088 1652 4186 dejicit
1667 4111 1689 4160 a
1702 4086 1892 4160 stabilitate
1911 4086 2074 4158 terraevi-

475 4208 649 4282 sentium.
672 4237 688 4272 a
703 4211 745 4279 Et
756 4208 852 4279 viam
867 4207 978 4306 pacis,
993 4237 1011 4273 a
1031 4206 1068 4279 id
1082 4221 1149 4299 est,
1170 4208 1322 4279 omnino
1340 4208 1378 4279 in
1396 4208 1461 4279 viis
1476 4207 1549 4279 suis
1573 4206 1807 4279 damnatione
1825 4218 2070 4294 conterentur,

474 4326 558 4422 quia
575 4326 671 4397 viam
685 4328 753 4399 Dei
769 4352 844 4399 non
858 4326 1121 4423 cognoverunt,
1135 4326 1173 4398 id
1187 4341 1240 4399 est
1248 4326 1443 4417 Christum,
1456 4351 1521 4427 per
1534 4351 1644 4426 quem
1653 4340 1827 4424 tanquam
1837 4323 2074 4396 mediatorem

473 4446 538 4517 Dei
554 4459 591 4518 et
605 4444 796 4519 hominum
813 4450 891 4518 Deo
909 4444 1084 4544 pacificati
1098 4460 1135 4518 et
1151 4445 1372 4519 reconciliati
1389 4470 1527 4540 sumus,
1540 4447 1604 4545 qui
1620 4460 1675 4519 est
1690 4469 1759 4545 pax
1776 4457 1912 4533 nostra,
1924 4454 1965 4513 ut
1975 4440 2073 4514 idem

474 4568 524 4639 ait
541 4565 745 4665 Apostolus,
764 4580 799 4638 et
816 4566 898 4639 lacit
914 4580 1108 4665 utrumque
1123 4591 1249 4638 unum.
1267 4566 1337 4654 Qui
1351 4579 1386 4638 et
1402 4565 1448 4638 de
1461 4565 1655 4664 semetipso
1668 4565 1759 4638 ait⁸:
1779 4593 1797 4631 a
1813 4568 1887 4661 Ego
1900 4585 1980 4633 sum
1999 4559 2071 4647 via,

472 4710 539 4783 ego
555 4711 636 4759 sum
653 4686 805 4777 ostium3
822 4709 887 4783 per
899 4709 958 4759 me
973 4685 1003 4756 si
1020 4686 1100 4783 quis
1114 4686 1304 4775 introierit,
1319 4684 1527 4758 salvabitur.
1546 4713 1565 4754 n
1584 4688 1685 4757 Hanc
1711 4683 1859 4783 quidem
1875 4681 1972 4752 viam
1996 4702 2072 4749 non

473 4819 736 4903 cognoverunt,
749 4804 785 4877 id
799 4820 851 4877 est
865 4802 1061 4899 Christum,
1073 4806 1136 4905 qui
1153 4831 1221 4905 pro
1237 4803 1442 4878 infirmitate
1458 4805 1575 4877 carnis
1586 4829 1671 4877 eum
1685 4812 1997 4901 contempserunt,
2009 4812 2074 4871 aut

502 5081 646 5145 Ἥρωι,
659 5096 712 5147 cap.
728 5095 750 5145 r,
761 5095 784 5134 r.
801 5084 837 5135 tt.
853 5081 1016 5143 -¹llettt.,
1030 5094 1085 5144 cap.
1095 5092 1155 5143 xxv,
1168 5094 1191 5129 v.
1204 5083 1243 5133 n.
1254 5081 1299 5116 -'
1309 5080 1391 5144 toan,
1402 5094 1455 5145 cap.
1472 5095 1497 5143 ι,
1511 5095 1532 5133 r.
1546 5084 1569 5134 9.
