4559 6100
708 555 751 631 ΙΝ
778 551 1021 629 Ettssotstt
1047 557 1107 630 AD
1132 551 1358 629 ROMANOS.
1756 558 1828 633 335

231 709 384 783 maxime
399 707 606 782 studeamus
622 703 858 784 concordiam
874 708 989 780 teneri
1007 707 1272 780 cumfratribus
1288 731 1448 807 quoqne,
1469 720 1509 780 ut
1526 705 1664 783 dictum
1682 691 1750 803 est,
1771 714 1827 783 in·

228 829 354 919 fumis,
372 843 408 901 et
425 825 476 901 sic
492 829 726 927 postmodum
740 851 820 926 quae
838 841 922 899 suut
939 826 1183 900 aedificationis
1202 856 1220 896 ιι
1236 825 1656 920 invicemoustodiamus,
1671 857 1689 897 ιι
1704 829 1824 920 idest,

229 948 319 1022 alter
332 949 396 1046 qui
412 948 634 1044 perfectioris
648 964 703 1022 est
721 945 824 1040 fidei,
840 948 984 1020 alterius
1001 946 1247 1047 imperfectam
1264 947 1384 1019 adhuc
1402 947 1511 1021 fidem
1529 950 1697 1040 instruat,
1724 965 1759 1022 et
1781 952 1827 1022 ad

229 1069 486 1168 perfectionem
496 1091 713 1168 promovere
730 1067 903 1141 intendat.
926 1097 944 1136 ιι
962 1067 1043 1139 Noli
1063 1097 1081 1134 ιι
1109 1081 1165 1160 ιιι,
1182 1068 1327 1159 seilicet,
1345 1070 1410 1166 qui
1429 1067 1676 1168 perfectiorem
1689 1068 1828 1143 habens

229 1185 340 1261 fidem
367 1188 489 1261 omnia
513 1187 687 1280 comedis,
710 1186 986 1260 scandalizando
1013 1187 1155 1259 noviter
1182 1209 1410 1282 conversum,
1438 1203 1474 1261 et
1500 1188 1620 1262 adhuc
1643 1186 1826 1262 infirmum

229 1305 387 1401 fratrem,
409 1337 428 1374 ιι
445 1329 538 1409 opus
555 1308 634 1399 Dei,
650 1306 718 1379 »id
729 1320 794 1390 est,
815 1306 904 1378 illud
918 1305 1002 1379 fidei
1019 1307 1119 1404 quod
1130 1308 1207 1403 jam
1218 1305 1329 1380 habet
1343 1308 1380 1380 in
1397 1331 1442 1380 eo
1456 1307 1651 1382 destmere.
1667 1337 1684 1378 ιι
1697 1307 1827 1382 Omnia

229 1425 389 1523 quidem.
404 1431 483 1500 »Ac
495 1429 525 1499 si
536 1426 691 1500 diceret:
709 1430 844 1500 Revera
855 1441 974 1500 tecum
985 1428 1213 1520 assentimur,
1225 1429 1310 1526 quia
1325 1427 1422 1501 nulla
1439 1453 1569 1525 genera
1584 1427 1748 1502 ciborum
1764 1453 1827 1502 esu

228 1565 295 1618 suo
312 1543 482 1645 polluunt
496 1548 667 1639 animam,
681 1546 744 1619 sed
759 1546 978 1620 damnosum
992 1561 1046 1620 est
1062 1562 1183 1620 tamen
1200 1546 1272 1619 hoc
1289 1548 1442 1620 scienter
1457 1549 1661 1641 comedere,
1686 1549 1750 1622 ubi
1770 1550 1825 1621 of·

227 1664 384 1738 tenditur
395 1666 516 1742 frater.
533 1695 551 1736 ιι
568 1673 708 1740 Βοιιιιιιι
721 1683 774 1740 est
788 1667 941 1740 homini.
957 1695 975 1735 u
989 1672 1038 1740 Ae
1050 1668 1079 1739 si
1094 1667 1230 1740 diceret
1241 1694 1250 1739 ι
1263 1671 1312 1739 lta
1331 1684 1369 1741 ut
1384 1668 1472 1760 dixi,
1488 1669 1679 1742 comedere
1691 1669 1827 1742 malum

226 1799 294 1876 est,
313 1786 409 1860 sede
425 1788 606 1860 contrario
625 1788 768 1885 penitus
784 1786 961 1860 abstinere
976 1801 1125 1887 propter
1142 1787 1402 1861 offendiculum
1423 1789 1539 1861 fratris
1555 1789 1743 1862 vitandum
1768 1814 1827 1863 sa-

226 1901 330 1977 lubre
346 1920 416 1995 est3
432 1906 601 2006 exemplo
616 1903 744 1979 Daniel
766 1907 830 2005 qui
856 1926 878 1979 a
902 1907 989 1979 vino
1011 1931 1158 2006 quoque
1185 1906 1339 1979 infidelis
1362 1908 1453 2006 regis
1480 1907 1693 1998 abstinebat,
1715 1908 1826 1982 tudaei

225 2022 332 2096 etiam
348 2027 512 2099 conversi
529 2026 576 2099 ab
592 2027 693 2099 omni
709 2028 795 2099 vino
812 2026 1012 2101 infidelium
1032 2027 1288 2100 abstinendum
1310 2027 1518 2101 censebant.
1549 2058 1566 2097 ιι
1587 2029 1794 2103 offenditur
1805 2053 1823 2098 ιι

226 2144 368 2239 penitus
382 2169 404 2218 a
419 2144 490 2218 fide
509 2145 727 2239 recedendo,
744 2143 802 2218 vei
817 2148 942 2219 saltem
967 2146 1239 2239 scandalizatur,
1270 2147 1307 2219 id
1325 2162 1391 2240 est,
1413 2147 1511 2248 apud
1537 2173 1576 2220 se
1596 2148 1827 2247 perturbatur

225 2263 327 2358 quasi
345 2266 452 2337 talem
466 2264 589 2358 fidem,
606 2264 652 2338 ad
669 2285 780 2363 quarn
792 2289 987 2339 conversus
1001 2265 1058 2359 sit,
1074 2266 1240 2363 judicans
1248 2265 1318 2363 legi
1333 2267 1595 2339 contrariamet
1606 2291 1823 2364 perversam.

224 2385 319 2456 ιΑιιι
330 2379 540 2478 infirmatur,
560 2411 578 2454 ιι
591 2386 629 2458 in
644 2384 716 2458 fide
732 2385 865 2458 scilicet
879 2410 953 2458 suae
965 2386 1212 2485 professionis,
1226 2385 1273 2459 de
1287 2387 1362 2485 ipsa
1379 2385 1579 2459 dubitando
1592 2387 1622 2458 si
1635 2409 1710 2459 uon
1724 2390 1826 2486 peni·

226 2515 284 2573 tus
306 2525 387 2577 cam
405 2504 627 2579 damnando,
658 2537 676 2573 ιι
689 2510 744 2579 Tu
765 2505 921 2578 fidem.»
949 2511 999 2579 Ac
1024 2507 1054 2578 si
1071 2505 1227 2579 diceret:
1245 2510 1295 2577 Tu
1318 2489 1466 2604 quidem
1482 2507 1545 2604 quai
1565 2506 1689 2579 omnia
1711 2505 1826 2578 credis

225 2620 491 2714 manducanda,
514 2654 531 2695 ιι
549 2625 661 2698 habes
672 2624 783 2698 fidem
801 2625 898 2725 apud
914 2640 962 2716 te,
978 2655 996 2692 ι
1014 2624 1052 2697 id
1069 2639 1134 2718 est,
1163 2624 1235 2697 boc
1254 2640 1308 2698 est
1327 2640 1392 2697 tuo
1409 2625 1547 2721 judicio
1569 2624 1822 2724 approbatum,

224 2739 300 2832 sed,
319 2771 339 2811 ιι
351 2741 445 2817 habe
462 2743 561 2817 illam
578 2759 615 2818 et
629 2767 754 2818 coram
770 2750 863 2838 Deo,
877 2774 895 2813 u
915 2745 1033 2834 idest,
1051 2758 1090 2817 ut
1103 2747 1135 2817 ei
1153 2744 1291 2843 placeat
1310 2757 1346 2816 et
1357 2747 1433 2840 ejus
1443 2731 1822 2843 judicioapprnbetur.

223 2861 273 2931 Ea
290 2863 389 2934 enim
403 2885 483 2961 quae
494 2887 620 2937 coram
634 2865 742 2938 nobis
756 2879 844 2938 sunt
858 2864 982 2938 videre
997 2887 1191 2964 possumus
1210 2878 1318 2960 atque
1343 2886 1575 2961 cognoscere,
1600 2879 1639 2937 et
1660 2870 1704 2939 ea
1730 2869 1826 2940 Deus

224 2980 312 3053 scire
323 2981 457 3055 dicitur
473 3005 553 3082 quae
569 2984 761 3085 approbat,
778 3000 816 3059 et
832 2971 970 3058 nescire
985 3008 1065 3083 quae
1082 2982 1266 3082 reprobat.

274 3131 292 3166 ιι
308 3107 446 3193 Beatus,
461 3133 479 3170 ι
492 3118 547 3176 est
561 3104 716 3177 subaudi
729 3132 748 3174 ιι
756 3106 817 3202 qui
828 3130 905 3178 nou
913 3105 1052 3201 judicat
1064 3104 1309 3203 semetipsum,
1325 3103 1426 3176 ahoe
1436 3118 1501 3195 est,
1513 3104 1575 3202 qui
1587 3128 1662 3176 nun
1674 3107 1827 3202 acquirit

222 3219 290 3291 sibi
306 3220 578 3295 damnationem
594 3248 637 3295 ex
657 3224 809 3323 hisquae
827 3225 903 3323 ipse
930 3225 1181 3324 potiusquam
1201 3228 1300 3295 Deus
1321 3222 1466 3320 probat,
1492 3222 1528 3294 id
1552 3235 1606 3294 est
1631 3222 1822 3321 approbat,

221 3339 277 3411 rel
295 3365 369 3413 nou
386 3341 568 3440 improbat
578 3366 656 3415 esse
666 3343 830 3417 facienda
842 3371 851 3415 :
864 3367 906 3415 ac
922 3343 952 3414 si
967 3341 1122 3415 dicerett
1138 3342 1210 3429 Qui
1223 3356 1332 3414 tantae
1344 3340 1570 3414 discretionis
1579 3357 1645 3432 est,
1665 3340 1823 3411 utetiam

223 3458 269 3531 de
285 3459 434 3558 hisquae
449 3461 674 3536 oreditlicite
693 3461 771 3535 fieri
788 3463 838 3536 ita
853 3460 1056 3561 provideat,
1076 3486 1123 3534 ne
1139 3463 1217 3560 ipsa
1233 3459 1424 3533 indiscrete
1440 3458 1603 3531 faciendo
1619 3453 1822 3530 damnatio—

221 3600 306 3648 nem
321 3576 381 3649 vel
397 3578 487 3649 iram
498 3582 565 3650 Dei
580 3583 753 3652 incurrat.
783 3586 830 3653 Ut
846 3583 943 3656 enim
955 3580 1129 3648 Salomon
1144 3581 1194 3649 ait
1205 3584 1228 3669 ¹,
1243 3602 1274 3643 u
1290 3587 1375 3646 suut
1403 3574 1466 3645 viee
1490 3573 1649 3646 hominis
1672 3600 1751 3672 quae
1769 3578 1821 3649 vi·

222 3695 354 3769 dentur
369 3710 487 3789 rectae,
505 3697 701 3769 novissima
716 3710 838 3769 autem
853 3694 993 3768 illarum
1010 3694 1198 3768 deducunt
1211 3693 1260 3766 ad
1276 3707 1446 3766 mortem.
1460 3721 1478 3761 ιι
1504 3697 1549 3764 Ει
1575 3693 1622 3765 ad
1635 3694 1728 3765 Cain
1745 3697 1821 3768 ‘Do-

223 3817 341 3887 minus
358 3816 410 3889 ait
424 3819 459 3887 ι’
476 3843 494 3884 ιι
509 3820 638 3888 Nonne
651 3818 681 3887 si
695 3830 792 3889 recte
809 3815 952 3907 offeras,
971 3829 1069 3888 reete
1084 3828 1205 3888 autem
1223 3836 1298 3888 non
1317 3812 1470 3906 dividas,
1489 3813 1699 3911 peccastiiu
1721 3817 1822 3903 «Qui

220 3950 354 4007 autem.
370 3964 388 4001 ιι
401 3935 488 4009 sesi
504 3935 659 4009 diceret:
674 3935 775 4007 Sicut
788 3933 847 4007 ille
860 3934 986 4006 beatus
997 3949 1066 4028 est,
1080 3935 1145 4032 qui
1160 3956 1182 4007 a
1198 3930 1302 4006 licitis
1316 3931 1485 4024 abstinet,
1499 3956 1547 4005 ue
1559 3932 1616 4004 his
1627 3932 1822 4007 indiscrete

221 4054 357 4137 utendo
373 4053 421 4127 ad
436 4054 661 4147 scandalum,
674 4054 811 4127 scilicet
827 4054 944 4127 fratris
960 4053 1232 4127 damnationem
1250 4053 1421 4144 incurrat,
1441 4052 1490 4129 itt
1507 4077 1535 4125 e
1557 4054 1739 4126 contrario
1763 4052 1820 4125 iile

219 4175 281 4270 qui
297 4187 425 4248 contra
440 4175 812 4248 couscientiamsuam
828 4174 957 4247 illicitis
974 4175 1100 4268 utitur,
1111 4187 1250 4273 peccat.
1266 4177 1309 4246 ιιι
1322 4173 1394 4245 hoc
1407 4186 1481 4246 estz
1497 4202 1517 4239 ιι
1527 4174 1599 4261 Qui
1610 4188 1734 4247 autem
1749 4172 1819 4245 dia·

220 4294 347 4385 cernit,
367 4324 386 4365 ιι
405 4294 444 4368 id
458 4309 525 4389 est,
545 4294 731 4392 distinguit
745 4294 923 4394 quosdam
945 4294 1048 4368 cibos
1070 4293 1229 4385 edendo,
1254 4316 1320 4367 eos
1347 4294 1481 4367 scilicet
1495 4308 1644 4393 propter
1658 4291 1820 4391 prohibi·
1938 4364 1941 4371 .

222 4415 358 4488 tionem
372 4415 459 4512 legis
471 4440 546 4489 non
559 4415 908 4509 esseeomedendos,
935 4430 1106 4490 ettamen
1125 4429 1253 4488 contra
1275 4415 1533 4487 conscientiam
1553 4436 1655 4483 suam
1674 4436 1739 4483 ens
1760 4434 1820 4485 co·

220 4532 345 4625 medit,
364 4535 453 4609 dum
468 4535 634 4610 videlicet
645 4536 761 4609 credit
777 4536 824 4608 ab
842 4537 922 4636 ipso
937 4558 1013 4609 non
1034 4534 1168 4609 debere
1183 4532 1340 4624 comedi,
1360 4556 1445 4605 reus
1462 4556 1528 4631 per
1547 4530 1620 4604 hoc
1637 4532 1815 4624 statuitur,

216 4654 302 4749 quia
318 4679 394 4726 non
412 4680 456 4727 ex
470 4655 543 4729 fide
559 4670 613 4729 est
628 4655 727 4755 quod
746 4656 843 4749 facit,
858 4656 971 4727 immo
982 4669 1111 4728 contra
1125 4653 1236 4727 fidem
1252 4674 1354 4724 auam
1369 4652 1457 4750 agit,
1480 4651 1518 4724 id
1534 4662 1590 4724 est
1604 4667 1731 4724 contra
1741 4652 1817 4724 boc

216 4773 319 4868 quod
336 4773 450 4847 credit
466 4776 550 4871 agit.
567 4776 687 4849 Credit
700 4776 798 4849 enim
810 4798 885 4848 non
902 4798 979 4850 esse
992 4773 1277 4866 comedendus,
1296 4784 1468 4845 ettamen
1480 4772 1657 4863 comedit,
1686 4794 1731 4845 ac
1751 4792 1817 4869 per

249 5080 356 5142 *eree
368 5090 492 5149 &tt-M,
506 5095 530 5136 t.
543 5088 583 5138 ιι.
600 5106 628 5123 -
640 5084 762 5145 trees,
780 5096 835 5148 etp.
850 5095 884 5149 n,
901 5099 925 5135 ι.
940 5088 976 5135 ἰι
993 5081 1081 5135 donne
1093 5085 1115 5135 at
1136 5085 1201 5135 bene
1220 5083 1302 5145 taeda
1322 5080 1439 5146 nfltttrs3
1458 5083 1497 5133 stu
1514 5088 1595 5132 autent
1618 5074 1773 5129 mebriatur
1789 5080 1814 5128 tu

211 5159 312 5213 ῐοιιιιιιι
326 5171 456 5226 mnas
470 5165 569 5217 aderit?
