4559 6100
761 526 1016 602 macunen
1039 527 1313 608 canuntur.
1416 499 1418 503 ’
1755 539 1829 614 us

245 681 389 753 docere.
417 679 647 750 instituerunt
672 691 805 766 autem,
822 675 1175 773 juxtaevangcliuam
1189 676 1492 774 predicationem,
1520 696 1591 756 tam
1615 685 1828 782 conjugato.

245 824 339 889 rum,
367 822 476 895 quarn
495 810 689 887 rectorum,
707 820 817 893 quam
833 795 1096 870 continentium
1112 798 1235 886 vitam,
1254 821 1337 870 cum
1352 811 1388 869 et
1402 798 1605 874 civitatibus
1620 805 1722 898 quasi
1741 830 1830 880 omn

241 921 445 1016 jugatorum
472 915 708 988 conventibus
734 913 885 986 modum
912 915 992 986 vite
1015 914 1301 1012 assignaverunt,
1328 930 1364 990 et
1388 919 1511 1013 quales
1531 919 1598 1016 ipsi
1625 922 1827 1020 reipublice

243 1052 399 1109 rectores
424 1060 500 1107 esse
521 1049 705 1133 oporteret
722 1031 955 1122 diffinierunt,
975 1048 1011 1105 et
1032 1034 1069 1105 in
1089 1034 1213 1131 seipsis
1227 1035 1491 1112 continentium
1519 1052 1627 1135 atque
1647 1039 1825 1116 abstineu-

243 1156 333 1226 tium
350 1155 458 1226 vitam
472 1166 737 1252 expresserunt,
749 1177 858 1249 quam
876 1176 974 1224 nunc
987 1151 1105 1224 clerici
1121 1154 1197 1225 sive
1209 1153 1377 1228 monachi
1389 1154 1614 1253 profitentur.
1634 1158 1823 1232 Civitatum

244 1287 362 1346 autem
390 1285 588 1345 conventus
614 1286 712 1344 tanta
734 1272 888 1370 proximi
914 1272 1061 1344 caritate
1082 1272 1291 1366 junxertmt,
1319 1287 1359 1346 ut
1379 1274 1546 1346 onmibus
1568 1276 1605 1346 in
1633 1301 1826 1352 commune

243 1392 407 1485 redactis,
427 1392 516 1463 nibil
538 1393 662 1465 civitas
681 1393 751 1462 nisi
774 1391 973 1464 fraternitas
987 1390 1181 1484 videretur,
1205 1408 1241 1464 et
1263 1393 1352 1466 nihil
1370 1394 1467 1468 aliud
1491 1410 1645 1469 rectores
1661 1399 1820 1488 civitatis,

244 1535 352 1607 quam
373 1509 575 1608 reipublicae
591 1511 852 1611 dispensatores
867 1509 1083 1599 dicerentur,
1104 1525 1146 1582 ut·
1157 1512 1232 1605 jam
1253 1512 1451 1586 tonsillam
1467 1514 1652 1610 primitivae
1669 1515 1824 1588 ecclesie

243 1629 474 1727 apostolicam
507 1631 761 1727 praesignarent
784 1632 917 1720 vitam,
949 1629 994 1700 de
1025 1631 1160 1725 quain
1188 1630 1332 1704 Actibus
1361 1632 1601 1727 apestolorum
1634 1634 1781 1708 dicitur¹
1810 1664 1820 1705 :

246 1775 263 1815 a
278 1747 386 1835 Quod
409 1762 512 1820 erant
526 1750 579 1820 eis
601 1750 722 1822 omnia
738 1749 957 1837 communia,
980 1760 1018 1819 et
1032 1746 1133 1820 nibil
1149 1772 1254 1820 suum
1271 1748 1413 1822 dicebat
1434 1749 1578 1846 alirpuis,
1601 1751 1665 1826 sed
1679 1753 1829 1828 vunicui·⁴

242 1887 313 1962 que
336 1866 615 1942 distribuebatur
639 1883 748 1965 prout
767 1869 901 1963 cuique
923 1890 1015 1964 opus
1039 1883 1125 1940 crat.
1154 1898 1172 1936 a
1199 1868 1307 1963 Cujus
1328 1891 1425 1940 nuuc
1448 1870 1525 1940 vitae
1547 1893 1585 1941 se
1607 1871 1822 1966 professores

213 1967 217 1976 “
241 1985 571 2072 monacbidieunt,
599 2010 682 2058 cum
704 1985 780 2057 whec
804 1985 974 2058 erunibus
995 1998 1089 2058 recte
1111 1985 1384 2060 conviventibus
1406 1985 1614 2084 philosophi
1628 1989 1711 2082 jure,
1735 1989 1821 2066 asst-

241 2105 441 2197 gnaverint,
454 2105 556 2200 juxta
576 2104 672 2176 illam
687 2104 734 2177 de
749 2106 915 2201 equitate
929 2104 1082 2178 caritatis
1105 2103 1282 2199 reguiam:
1310 2104 1475 2200 «Diliges
1493 2106 1695 2202 proximum
1721 2120 1821 2180 tuum

241 2237 427 2319 tamquam
452 2237 488 2293 te
509 2224 641 2321 ipsum.
658 2252 676 2289 a
693 2222 791 2309 Quid
807 2222 1095 2320 etiamamplius
1115 2247 1262 2298 omnem
1288 2223 1468 2298 interdixit
1489 2226 1762 2320 proprietatem,
1787 2240 1822 2298 et

241 2342 364 2413 omnia
388 2342 427 2412 in
453 2365 646 2414 commune
671 2341 826 2437 redegit,
853 2365 968 2438 quam
991 2341 1080 2414 iilud
1106 2342 1260 2442 Socratis
1284 2342 1419 2416 dietum
1445 2343 1480 2413 in
1509 2345 1637 2420 Trinaeo
1666 2344 1820 2422 Platonis

241 2458 451 2551 inductum,
480 2483 554 2556 quo
581 2479 708 2532 utores
735 2481 882 2557 quoque
904 2483 1115 2534 communes
1135 2459 1217 2532 lore
1244 2461 1411 2551 instimit,
1442 2473 1483 2533 ut
1510 2461 1627 2536 nullus
1657 2464 1821 2559 proprios
1896 2527 1900 2534 .

240 2589 472 2672 recognoscat
498 2577 658 2650 liberos?
686 2578 867 2677 Numquid
892 2578 982 2670 hoc,
1014 2578 1156 2670 tratres,
1182 2578 1230 2660 ad
1254 2580 1408 2673 aliquam
1435 2580 1690 2676 turpitudinum
1713 2580 1822 2654 ineli-

240 2695 402 2767 nandum
419 2710 484 2784 est,
501 2711 541 2768 nt
555 2710 693 2769 uotam
706 2721 749 2770 ao
765 2698 987 2770 mandentum
1001 2712 1106 2794 atque
1122 2697 1400 2772 damnabilem
1417 2696 1685 2774 obscoenitatem
1700 2714 1817 2774 tantus

239 2814 437 2886 institueret
452 2813 702 2912 philosophus,
718 2839 739 2888 a
758 2840 834 2913 quo
854 2829 972 2888 totum
991 2815 1136 2892 moralis
1152 2815 1346 2912 discipline
1361 2815 1520 2894 studium
1546 2830 1581 2888 et
1598 2817 1818 2913 investigatio

239 2934 371 3004 summi
400 2934 490 3005 Boni
511 2936 636 3006 sumsit
659 2935 866 3008 exordium:
892 2945 1036 3008 etcum
1061 2959 1137 3008 nou
1165 2933 1283 3010 solum
1307 2959 1328 3008 a
1349 2933 1583 3031 philosophis,
1603 2950 1821 3010 verumeta

240 3053 368 3148 poetis,
392 3066 429 3124 et
447 3052 494 3124 ab
520 3053 687 3126 omnibus
714 3054 884 3127 naturalis
913 3053 1234 3150 tegis-hominibus
1253 3053 1428 3129 adulteria
1451 3053 1681 3145 damnenurr,
1708 3055 1821 3127 immo

239 3289 480 3385 Hieronymus
497 3292 630 3360 Contra
638 3293 866 3362 lucinianum
873 3287 965 3363 libro
979 3290 1113 3387 primo:
1136 3291 1296 3361 «Sextus’
1311 3290 1348 3371 in
1367 3290 1550 3371 sententiis
1563 3316 1571 3363 ;
1584 3290 1732 3373 Adulter
1751 3306 1817 3379 est,

239 3409 370 3504 inquit,
388 3408 426 3477 in
444 3431 546 3479 suam
561 3432 710 3481 uxorem
726 3422 867 3483 amator
883 3405 1079 3483 mdrutior.
1101 3410 1143 3478 tn
1160 3407 1275 3485 aliena
1298 3404 1430 3505 quippe
1454 3429 1564 3481 uxore
1582 3408 1700 3489 omna
1715 3431 1818 3489 aanor

241 3527 354 3624 turpis
383 3541 450 3615 est,
481 3528 519 3597 in
548 3551 612 3599 sua
635 3528 779 3598 nimius.
807 3526 953 3623 Sapiens
982 3526 1036 3596 vir
1058 3523 1195 3619 judicio
1228 3523 1335 3599 debet
1359 3548 1479 3599 amare
1506 3525 1716 3621 conjugem,
1742 3549 1817 3607 non

239 3643 383 3717 affectu.
402 3648 511 3740 Roget
525 3647 680 3742 impetus
698 3645 901 3742 voluptatis,
921 3668 967 3715 ne
981 3667 1138 3741 preceps
1155 3643 1287 3725 seratur
1303 3643 1340 3717 in
1357 3645 1480 3719 coiret
1500 3642 1596 3719 Nihil
1611 3657 1663 3727 est
1682 3643 1815 3733 fedius,

240 3785 351 3859 quam
377 3782 526 3837 uxorem
546 3786 670 3835 amare
692 3763 795 3859 quasi
816 3761 1027 3839 adulteram.
1054 3765 1157 3843 Certe
1184 3763 1248 3857 qui
1272 3760 1397 3837 dicunt
1411 3785 1463 3852 sc,
1483 3785 1602 3847 caasa,
1615 3761 1827 3858 reipublice.

237 3897 276 3954 et
292 3884 429 3978 generis
445 3883 607 3969 humaui,
626 3882 796 3955 uxoribus
807 3882 921 3978 jungi,
939 3895 976 3952 et
990 3880 1120 3953 liberos
1139 3880 1283 3970 tollere,
1303 3881 1486 3953 imitentur
1503 3881 1625 3967 saltem
1637 3879 1831 3977 pecudes,-

237 4015 277 4072 et
297 4015 487 4099 postquam
509 4003 628 4073 uxoris
645 4015 769 4073 venter
789 4001 1010 4090 intumuerit,
1029 4024 1103 4071 non
1116 3998 1276 4096 perdant
1299 3998 1409 4105 lilios,
1437 4023 1503 4071 nec
1524 4012 1701 4079 amatores
1722 4022 1819 4071 uxo-

235 4118 338 4191 ribus
354 4144 393 4190 se
409 4118 614 4209 exhibeant,
627 4119 689 4191 sed
705 4120 896 4190 maritos.»
914 4121 1005 4190 Cum
1018 4119 1137 4216 itaque
1153 4121 1314 4189 Socrates
1331 4140 1458 4187 uxores
1476 4141 1620 4213 quoque
1636 4114 1818 4214 publican-

235 4237 304 4309 das
336 4260 411 4309 esso
443 4237 650 4325 instituerit,
679 4237 726 4308 de
750 4238 1004 4330 communitate
1037 4261 1191 4334 quarum
1219 4235 1306 4307 nihil
1335 4236 1486 4309 omnino
1513 4234 1711 4337 tenendum
1742 4258 1817 4307 esse

234 4354 439 4445 videbatur,
467 4338 626 4452 prolecto
652 4355 742 4427 nibil
766 4356 908 4453 penitus
931 4353 1076 4453 reliquit
1103 4356 1306 4452 proprium,
1334 4353 1433 4450 quod
1461 4352 1630 4424 videlieet
1644 4352 1692 4424 ad
1716 4376 1818 4424 com·

152 4542 159 4552 .
235 4475 451 4546 munitatem
474 4499 549 4571 uon
567 4474 764 4546 reduceret.
797 4478 931 4546 Uxores
947 4476 1067 4571 itaque
1082 4472 1159 4544 vult
1175 4492 1384 4544 communes
1401 4474 1494 4564 esse,
1512 4471 1709 4542 secundum
1727 4470 1818 4541 fruc·

233 4607 330 4679 tum,
355 4617 430 4664 nou
451 4580 653 4665 secundum
670 4568 881 4682 usum3'hoc
898 4607 950 4664 est
975 4592 1020 4664 ad
1037 4592 1221 4663 utilitatem
1237 4616 1280 4661 ex
1300 4590 1351 4660 eis
1372 4584 1652 4689 percipiendam,
1673 4614 1747 4658 non
1771 4584 1816 4659 ad

232 4709 458 4809 voluptatem
481 4712 517 4782 in
546 4712 597 4783 eis
617 4710 842 4809 explendam,
865 4726 904 4782 ut
925 4709 1088 4782 videlicet
1109 4723 1206 4781 tanta
1227 4709 1271 4779 sit
1293 4709 1329 4779 in
1352 4707 1520 4779 omnibus
1544 4709 1670 4779 caritas
1689 4729 1818 4804 propa·

270 5019 341 5068 ’Μ
353 5022 535 5162 Auum-{Q
548 5030 579 5078 rr,
590 5030 623 5069 ‚u
641 5021 683 5071 tt.
696 5019 746 5057 *l
761 4988 809 5080 tta
823 4980 996 5081 distenditur}
1003 4982 1165 5087 destitisset
1177 4996 1235 5077 nisa.
1248 5016 1436 5085 teguptsseptuu
1451 5012 1556 5079 -.-³.tp.
1577 4978 1756 5085 Hieredrmur'r.
1771 5011 1818 5077 tsec

227 5098 491 5163 presumuntur·
551 5149 555 5154 .
658 5126 661 5131 >
999 5136 1004 5149 ,
1131 5138 1189 5157 ,γ
1671 5140 1673 5149 Ι
1813 5150 1816 5157 1
