4559 6100
198 75 282 142 riam
314 71 507 164 pervenisse.
530 103 544 132 ι
571 72 660 157 Quid
678 73 798 139 mirum
817 71 914 164 igitur
933 75 961 139 si
981 73 1033 139 isti
1060 94 1143 161 quos
1159 93 1218 156 ‚me
1239 71 1351 137 asseris
1373 70 1491 156 injuste
1511 84 1733 161 persecutum,
1763 70 1798 136 in

197 192 356 283 aliqubus
373 192 425 259 vel
445 189 538 258 (lictis
553 191 604 258 vel
620 191 711 260 fanis
727 190 900 282 aliquando
922 192 1026 257 minus
1041 190 1176 282 provide
1192 205 1343 281 egerunt,
1364 189 1420 278 qui
1436 188 1653 280 superioribus
1670 187 1799 257 duobus

196 311 312 378 sanctis
328 310 514 377 doctoribus
529 327 562 377 et
576 310 769 400 martyribus
784 333 988 399 nequaquam
1003 311 1184 401 superiores
1199 307 1397 376 extiterunt?

239 430 315 497 Vidi
337 432 425 497 enim
454 430 623 497 dominum
649 430 828 496 Robertum
852 429 986 496 feminas
1016 453 1037 495 a
1065 430 1141 495 viris
1155 429 1220 494 suis
1236 428 1411 518 fagientes,
1433 428 1508 494 viris
1522 428 1599 519 ipsis
1614 427 1797 494 reclaman-

195 549 302 634 tibus,
335 551 491 640 recepisse
522 566 573 632 et,
602 551 752 640 episcopo
767 547 1005 641 Andegaviensi
1029 563 1066 613 ut
1089 570 1146 614 eos
1161 522 1313 614 redderet
1333 548 1554 639 precipiente,
1572 546 1798 614 inobedienter

195 668 357 758 usquead
379 685 519 736 mortem
538 668 737 734 obstinanter
757 669 907 734 tenuisse.
931 667 1031 751 Quod
1051 667 1172 732 factum
1195 689 1293 756 quam
1313 664 1530 732 irrationabile
1550 666 1591 730 sit
1614 667 1795 735 considera.
1827 684 1830 698 ‘

195 787 229 853 Si
247 788 334 853 enim
356 778 439 854 uxor
453 789 522 854 viro
542 786 688 854 debitum
706 803 819 879 negat,
837 803 870 853 et
890 785 934 851 ob
949 787 1014 851 hoc
1028 785 1082 853 ille
1102 787 1255 853 moeehari
1275 785 1492 876 compellitur,
1511 786 1615 872 major
1635 783 1728 875 culpa
1749 802 1798 852 est
1857 848 1862 855 .

194 906 415 997 compellentis
444 929 542 996 quam
563 907 696 997 agentis.
722 908 791 971 Rea
814 928 892 997 ergo
913 904 1063 971 adulterii
1087 920 1135 971 est
1158 904 1277 970 femina
1302 905 1406 968 virum
1430 902 1595 969 dimittens
1609 912 1731 995 'postea
1756 928 1799 972 ex

193 1026 381 1091 necessitate
397 1040 596 1116 peccantem.
615 1024 791 1109 Quomodo
807 1047 887 1115 ergo
901 1046 973 1089 eam
994 1024 1135 1089 renuens
1154 1039 1188 1089 et
1208 1023 1320 1088 fovens
1336 1023 1488 1088 immunis
1504 1038 1537 1089 et
1552 1045 1621 1088 non
1635 1024 1797 1115 particeps

194 1144 337 1230 ejusdem
352 1145 493 1210 criminis
508 1144 590 1210 erit?
605 1145 664 1210 llla
680 1145 768 1210 enim
783 1167 986 1234 nequaquam
996 1145 1061 1210 hoc
1077 1143 1213 1224 faceret,
1229 1143 1290 1207 nisi
1306 1142 1443 1231 quieam
1458 1143 1611 1209 retineret
1625 1144 1794 1212 inveniret.

111 1344 116 1350 .
193 1261 279 1328 Audi
299 1262 433 1329 beatum
462 1264 677 1355 Augustinum
703 1263 813 1329 durius
834 1260 1066 1352 inloquentem.
1092 1264 1149 1327 Ait
1176 1262 1265 1328 enim
1290 1283 1298 1325 ε
1326 1262 1501 1347 «Dimissa,
1525 1261 1551 1327 si
1578 1283 1637 1352 per
1656 1262 1796 1328 inconti-

193 1383 337 1448 nentiam
358 1384 483 1474 cogitur
504 1383 598 1449 alicui
614 1383 775 1473 copulari,
792 1384 856 1448 hoc
877 1397 926 1448 est
940 1382 1104 1447 moechari.
1126 1378 1267 1465 Quodsi
1284 1380 1338 1445 illa
1355 1403 1422 1446 non
1440 1380 1567 1463 fecerit,
1589 1379 1643 1447 ille
1663 1396 1794 1464 umen,

191 1516 349 1590 quantum
368 1502 403 1566 in
420 1526 460 1569 eo
476 1517 540 1585 est,
558 1502 661 1569 facere
677 1501 851 1593 compulit,
867 1518 901 1568 et
915 1500 990 1568 ideo
1007 1502 1071 1567 hoc
1085 1502 1132 1567 illi
1147 1517 1316 1593 peccatum
1332 1503 1430 1584 Deus,
1449 1502 1507 1568 etsi
1533 1500 1587 1566 illa
1610 1518 1694 1566 casta
1718 1525 1796 1592 per·

191 1635 339 1702 maneat,
357 1621 542 1710 imputabit.
563 1622 598 1687 Si
619 1623 715 1713 igitur
730 1644 804 1688 reus
820 1636 868 1686 est
889 1621 1030 1687 criminis
1044 1620 1094 1685 vir
1108 1644 1245 1687 uxorem
1259 1636 1372 1711 postea
1392 1643 1460 1686 non
1475 1634 1663 1711 peccantem
1684 1620 1797 1686 dimit-

191 1753 279 1822 tens,
295 1754 417 1828 quanto
441 1741 542 1831 magis
571 1743 598 1807 si
628 1741 682 1807 illa
698 1740 897 1834 peccaverit?
909 1772 923 1800 a
944 1739 1032 1806 Audi
1063 1742 1163 1807 etiam
1188 1741 1321 1806 beatum
1344 1740 1537 1831 Gregorium
1559 1739 1602 1805 ad
1621 1740 1796 1830 quemdam

193 1856 345 1924 abbatem
368 1860 590 1949 inloquentem
606 1860 648 1927 de
666 1860 811 1950 quodam
827 1862 1018 1951 conjugato,
1044 1884 1141 1951 quem
1159 1862 1204 1926 ita
1220 1859 1458 1952 suscipiendum
1475 1861 1643 1951 cognovit,
1668 1861 1695 1926 si
1714 1885 1798 1928 uxor

191 1977 260 2062 ejus
274 1977 419 2045 similiter
440 1982 583 2046 converti
597 1980 747 2047 voluerit.
767 1979 853 2049 Nam
878 2003 953 2044 cum
973 2003 1075 2044 unum
1098 1981 1265 2068 uniusque
1290 2003 1405 2070 corpus
1425 1978 1566 2069 conjugii
1589 1980 1795 2069 copulatione
1885 2060 1887 2067 .

190 2095 232 2160 sit
254 2096 394 2181 lactum,
417 2098 569 2166 indecens
592 2117 641 2166 est
661 2116 785 2191 partem
809 2100 953 2164 converti
975 2114 1009 2165 et
1030 2115 1155 2189 partem
1174 2097 1252 2166 inde
1273 2099 1308 2164 in
1328 2098 1437 2165 seculo
1462 2119 1602 2164 manere.
1628 2099 1695 2162 Aut
1718 2122 1796 2190 ergo

192 2231 325 2305 uterque
369 2217 514 2284 discedat
540 2234 596 2284 aut
629 2236 763 2309 uterque
794 2233 971 2284 remaneat.
999 2218 1065 2284 Sed
1093 2217 1135 2284 de
1174 2217 1307 2284 domino
1341 2216 1495 2283 Anselmo
1534 2217 1792 2309 archiepiscopo,

190 2359 289 2424 quem
316 2354 348 2404 et
371 2338 444 2403 vite
465 2341 615 2406 sanctitas
638 2340 794 2419 honorat,
822 2355 855 2405 et
880 2338 1036 2404 docmnae
1063 2338 1264 2430 singularitas
1290 2338 1374 2403 ultra
1399 2359 1605 2404 communem
1624 2337 1795 2406 hominum

190 2477 374 2521 mensuram
398 2457 540 2538 extollit,
568 2458 648 2546 quid
669 2456 866 2523 dicamlrlit
887 2459 1029 2523 enimin
1049 2458 1134 2523 libro
1164 2481 1260 2547 quem
1286 2457 1356 2523 Cur
1379 2458 1468 2522 Deua
1492 2456 1610 2520 homo?
1633 2457 1791 2543 intitulat,

191 2573 286 2643 aliter=
297 2575 403 2640 Deum
421 2597 488 2640 nou
504 2599 598 2665 posse
617 2576 765 2641 homines
780 2574 918 2653 salvare,
938 2576 999 2641 nisi
1014 2576 1096 2642 sicut
1111 2576 1198 2658 fecit,
1215 2576 1250 2642 id
1265 2591 1313 2642 est
1326 2576 1386 2640 nisi
1402 2577 1503 2640 homo
1515 2573 1618 2656 fieret,
1638 2591 1671 2641 et
1683 2578 1794 2644 omnia

187 2691 243 2757 illa
268 2716 341 2782 quse
365 2716 475 2783 passus
497 2709 545 2759 est
567 2709 743 2784 pateretur.
764 2694 841 2779 Ejus
862 2694 1055 2759 sententiam
1078 2710 1263 2760 sanctorum
1286 2695 1474 2781 doctorum,
1492 2716 1630 2782 quorum
1647 2694 1793 2762 doctrina

188 2810 292 2903 fulget
316 2812 459 2892 ecclesia,
484 2810 569 2878 dicta
589 2815 798 2879 vehementer
820 2814 1097 2904 impugnant-Ait
1120 2815 1206 2881 enim
1232 2831 1359 2880 sanctus
1384 2815 1480 2879 Leo:
1504 2844 1518 2872 ι
1537 2815 1618 2878 Cum
1635 2816 1666 2880 ei
1691 2815 1793 2883 multa

189 2930 252 2998 alia
269 2947 474 3022 suppeterent
489 2931 532 2998 ad
548 2932 775 2999 redimendum
791 2956 893 3029 genus
907 2933 1101 3011 humanum,
1122 2936 1209 3003 hauc
1227 2936 1428 3026 potissimum
1443 2932 1540 3024 elegit
1558 2935 1655 3015 viam,
1672 2950 1792 3002 utnon

187 3051 305 3117 virtute
329 3053 495 3142 potentiae,
524 3053 581 3120 sed
603 3055 728 3121 ratione
748 3069 891 3120 uteretur
910 3055 1051 3140 justitia.
1068 3086 1083 3114 a
1110 3053 1357 3121 audientum
1378 3055 1592 3145 Augustinum
1614 3055 1655 3119 de
1679 3056 1794 3121 Tn‘m‘·
1907 3078 1912 3090 ·

187 3183 277 3235 tate:
294 3202 308 3229 α
322 3172 475 3256 Curnon,
487 3174 671 3264 postpositis
685 3172 974 3240 innumerabilibus
994 3174 1100 3241 modis
1116 3174 1232 3264 quibus
1248 3174 1291 3240 ad
1308 3196 1367 3240 nos
1381 3172 1607 3240 redimendum
1623 3175 1671 3238 uti
1685 3191 1793 3265 posset

189 3293 405 3381 omnipotens,
414 3315 502 3358 mons
509 3295 576 3380 ejus
590 3294 790 3384 potissimum
807 3293 998 3385 eligeretur?
1013 3324 1027 3353 ι
1037 3296 1127 3360 'Item
1142 3317 1151 3360 t
1168 3326 1182 3352 ι
1192 3296 1257 3360 Eos
1268 3294 1323 3384 qui
1332 3290 1467 3359 dicunt:
1483 3324 1497 3351 α
1508 3296 1599 3359 Itane
1610 3293 1792 3360 defuitDeo
1866 3367 1873 3372 ‚

191 3439 207 3467 ι
226 3411 344 3477 modus
361 3411 452 3495 alter,
471 3436 536 3502 quo
551 3399 709 3479 liberaret'
715 3413 863 3480 homines
883 3437 901 3478 a
916 3414 1043 3480 miseria
1059 3413 1262 3480 mortalitatis
1277 3414 1390 3502 hujus,
1407 3429 1444 3480 ut
1464 3414 1675 3506 Unigenitum
1690 3413 1792 3480 lilium

191 3559 206 3587 ι
225 3554 319 3596 suum
333 3531 502 3598 homiuem
518 3533 587 3600 fieri
602 3549 804 3622 mortemque
820 3535 945 3625 perpeti
966 3533 1083 3601 vellet?
1094 3566 1108 3592 »
1126 3555 1242 3624 parum
1263 3547 1311 3600 est
1334 3532 1380 3598 ita
1401 3532 1563 3616 refellere,
1586 3549 1624 3598 ut
1648 3530 1792 3599 fficamus

188 3648 323 3716 modum
343 3652 441 3718 istum
455 3654 581 3719 bonum
597 3677 677 3739 esse,
694 3678 760 3745 quo
776 3677 836 3720 nos
850 3677 909 3744 per
925 3654 1138 3721 mediatorem
1159 3654 1295 3723 liberare
1316 3653 1466 3745 dignatae
1487 3669 1550 3735 est,
1566 3654 1792 3719 verumetiam

188 3782 223 3834 ut
243 3769 452 3837 ostendamus
475 3796 542 3838 non
568 3773 667 3840 alium
682 3772 818 3840 modum
834 3774 1019 3865 possibilem
1038 3777 1109 3866 Deo
1132 3772 1287 3856 defuisse,
1305 3777 1395 3861 cujus
1410 3773 1561 3863 potestati
1581 3787 1696 3838 cuncta
1712 3772 1791 3838 sub·

186 3888 309 3974 jacent,
326 3888 383 3954 sed
399 3889 550 3957 sanandas
567 3908 684 3957 nostras
700 3894 836 3959 miseriae
854 3894 1151 3960 convenientiorem
1173 3893 1308 3959 modum
1328 3892 1426 3958 abum
1446 3914 1514 3956 uon
1534 3891 1628 3957 fuisse
1651 3908 1707 3957 aut
1723 3915 1792 3960 esse

191 4010 406 4099 oportuisse.»
419 4011 502 4077 Item
522 4034 556 4077 z«
567 4012 698 4079 Poterat
713 4015 824 4102 utique
840 4015 926 4080 Deus
940 4015 1108 4080 honiinem
1124 4012 1255 4080 aliunde
1270 4013 1445 4103 suscipere,
1462 4012 1518 4101 qni
1533 4028 1614 4078 esset
1631 3981 1793 4079 mediator

191 4128 249 4194 Dei
272 4145 306 4195 et
323 4130 505 4214 hominum,
524 4155 592 4198 nou
608 4156 648 4199 ex
663 4155 781 4224 genere
796 4132 880 4198 illius
895 4132 1019 4216 Adam,
1038 4134 1120 4200 sicut
1140 4134 1246 4224 ipsum
1262 4155 1360 4222 quem
1375 4131 1516 4222 primum
1531 4132 1652 4198 crearit
1666 4155 1735 4197 non
1749 4130 1793 4199 de

192 4271 304 4340 genem
321 4251 441 4317 creavit
462 4251 610 4339 alicujus,
633 4269 762 4344 poterat
777 4252 828 4319 vel
846 4253 893 4324 sic
916 4253 968 4321 vel
994 4278 1061 4345 quo
1085 4252 1182 4320 vellet
1204 4253 1267 4319 alio
1282 4252 1400 4334 modo,
1424 4275 1533 4320 creare
1548 4274 1650 4318 unum
1668 4252 1790 4337 abunt,

192 4391 254 4457 quo
276 4371 457 4438 vinceretur
480 4374 584 4440 victor
606 4374 733 4465 prioris.
758 4371 822 4441 Sed
847 4372 961 4440 melius
979 4372 1136 4461 judicavit
1152 4372 1194 4440 de
1211 4375 1281 4466 ipso
1299 4375 1355 4464 qui
1373 4374 1475 4439 victus
1497 4373 1601 4440 fluerat
1622 4373 1791 4446 hominem

192 4509 359 4558 enumera.
373 4523 388 4551 »
407 4491 502 4560 Idem
516 4492 557 4562 de
572 4495 685 4585 Agens
699 4493 878 4562 christiano
897 4517 906 4561 ε
929 4523 944 4552 α
958 4493 1052 4561 Stulti
1066 4510 1143 4562 sunt
1159 4496 1215 4586 qui
1235 4494 1348 4560 dicant
1366 4516 1375 4561 z
1396 4524 1412 4552 ι
1431 4495 1540 4579 Quare
1556 4496 1631 4584 [nou
1662 4506 1791 4586 poterat
