4559 6100
413 525 486 598 3t8
1014 523 1143 596 PETRI
1170 523 1405 600 tumulant

410 670 529 744 verbis
542 672 674 744 nostris
690 672 914 746 ostendimus
929 696 1005 745 non
1020 673 1089 745 nisi
1105 673 1151 747 ab
1169 699 1213 747 eo
1227 675 1264 747 id
1281 700 1348 747 nos
1361 699 1466 774 posse
1480 673 1628 767 habere,
1644 673 1744 773 quod
1755 698 1913 750 oramus.
1930 680 2009 775 Ipsa

411 791 520 864 verba
529 791 831 890 quecproserimus
840 794 1008 866 allectum
1017 807 1225 867 nostrumet
1234 793 1465 868 devotionem
1474 793 1653 867 intellectu
1666 795 1901 868 suoinDeum
1910 798 2008 869 exci-

410 926 501 1007 tant,
521 926 557 984 et
572 927 805 985 commovent
826 939 833 984 ε
856 927 895 984 ut
915 927 1017 987 tanto
1036 913 1217 986 efficacior
1233 915 1308 1012 ipsa
1325 913 1370 986 sit
1388 899 1518 1006 oratic,
1539 928 1675 1011 quanto
1691 914 1729 985 in
1749 928 1877 988 orante
1892 916 2007 1010 major

410 1048 462 1105 est
478 1031 638 1104 devoti0.
668 1075 677 1085 ·

462 1150 663 1225 «Gaudere
692 1175 776 1224 cum
808 1151 1092 1250 gaudentibus.»
1125 1152 1313 1226 lnlinitivis
1346 1176 1414 1252 pro
1441 1151 1659 1251 imperativis
1696 1154 1820 1245 utinm,
1851 1152 2006 1228 dicendo

411 1271 545 1345 scilicet
564 1270 753 1368 «gaudere
769 1285 806 1344 ct
823 1272 936 1345 llere»
955 1297 1023 1372 pro
1041 1272 1191 1369 gaudete
1208 1286 1245 1346 et
1261 1272 1355 1366 flete,
1374 1270 1414 1343 id
1431 1287 1483 1345 est
1498 1296 1583 1344 cum
1600 1270 1767 1345 fidelibus
1782 1272 1829 1345 de
1844 1271 2005 1371 profectu

411 1416 539 1465 eorum
563 1391 731 1485 exultate,
755 1392 812 1464 vel
836 1391 883 1465 de
907 1393 1069 1491 ipsorum
1094 1391 1222 1466 ellectu
1246 1391 1504 1492 compatiendo
1527 1392 1802 1466 contristemini.
1828 1397 1888 1465 Est
1909 1394 2007 1465 enim

412 1512 498 1585 falsa
519 1511 639 1585 laetitia
665 1513 886 1611 iniquorum,
914 1513 973 1585 cui
998 1512 1302 1610 congaudendum
1326 1537 1400 1585 non
1430 1527 1496 1603 est,
1526 1526 1562 1585 et
1587 1512 1674 1585 salsa
1701 1535 1829 1584 eorum
1853 1512 2005 1602 tristitia,

412 1633 470 1705 cui
492 1630 776 1705 contristandum
794 1634 943 1705 minime
967 1647 1033 1704 est.
1055 1630 1160 1705 Unde
1186 1632 1411 1704 Dominus¹:
1434 1629 1640 1723 «Mundus,
1670 1632 1805 1730 inquit,
1825 1628 2006 1728 gaudebit,

411 1775 477 1824 vos
498 1765 619 1824 autem
640 1751 986 1835 contristabimini.»
1005 1755 1051 1824 Et
1067 1749 1237 1825 Salomon
1261 1752 1298 1823 in
1315 1749 1514 1824 Proverbiis
1527 1750 1573 1824 de
1590 1753 1802 1852 perversis¹2
1826 1752 1927 1839 «Qui
1950 1751 2005 1823 lae·

411 1885 534 1945 tantur
557 1895 643 1943 cum
668 1869 760 1944 male
784 1871 945 1964 fecerint,
974 1886 1011 1945 et
1037 1869 1199 1944 exultant
1221 1872 1258 1942 in
1287 1870 1395 1945 rebus
1416 1871 1626 1969 pessimis.»
1652 1875 1745 1944 Cum
1769 1886 1890 1944 autem
1912 1870 2008 1944 idem

411 1989 584 2064 Salomon
606 1989 691 2062 alibi
712 1990 843 2064 dicat⁸r
866 1995 978 2064 «Non
996 1988 1222 2064 contristabit
1239 1990 1377 2088 justum
1397 1990 1575 2089 quidquid
1591 1991 1623 2063 ei
1640 1989 1828 2084 acciderit;
1846 2021 1865 2059 ι
1884 1992 2009 2090 etipse

412 2108 604 2208 Apostolus
618 2111 770 2210 supra⁸t
796 2112 966 2184 «Scimus
991 2110 1167 2209 quoniam
1193 2110 1422 2208 diligentibus
1438 2114 1556 2182 Deum
1573 2109 1696 2184 omnia
1712 2123 1955 2210 cooperantur
1971 2111 2008 2183 in

410 2228 567 2321 bonum,
591 2244 678 2319 etc.;
703 2230 829 2329 »quid
855 2244 975 2332 potest
999 2230 1162 2303 accidere
1187 2228 1309 2320 electis
1337 2228 1434 2303 unde
1463 2229 1624 2303 flendum
1649 2230 1706 2319 sit,
1735 2243 1798 2302 aut
1824 2229 2008 2327 quomodo

411 2348 641 2423 rationabiles
656 2365 741 2424 sunt
757 2349 824 2423 illae
837 2350 1002 2449 lacrymae
1014 2348 1148 2423 Rachel
1162 2347 1209 2424 dc
1224 2349 1473 2425 interfectione
1490 2346 1661 2439 liliorum,
1672 2347 1720 2421 de
1737 2350 1881 2422 miseria
1896 2350 1948 2424 sic
1963 2350 2009 2424 ad

411 2468 670 2543 beatitudinem
694 2469 984 2545 transeuntium?
1007 2467 1110 2542 Unde
1132 2484 1168 2542 et
1186 2468 1233 2542 de
1249 2468 1311 2543 illo
1327 2468 1413 2544 lletu
1430 2467 1595 2542 fidelium
1619 2469 1656 2541 in
1679 2469 1829 2541 transitu
1850 2473 1890 2541 B.
1917 2473 2009 2543 Mar-

413 2589 478 2661 tini
493 2590 666 2688 scriptum
689 2604 769 2662 est:
794 2593 886 2663 Cum
903 2588 1050 2663 sentiret
1067 2590 1181 2685 magis
1199 2613 1274 2662 esse
1293 2587 1538 2687 gaudendum,
1556 2587 1586 2660 si
1606 2586 1783 2660 rationem
1799 2588 1854 2661 ris
1870 2586 2006 2662 doloris

413 2709 601 2781 amitteret.
614 2709 853 2805 Hieronymus
867 2707 919 2778 ud
934 2710 1121 2800 Tyrasium
1134 2704 1181 2778 de
1195 2721 1313 2780 morte
1325 2706 1424 2780 filiae:
1445 2712 1596 2781 «Tantas
1611 2706 1770 2807 talesque
1784 2720 2009 2807 tempestates

413 2829 515 2915 ritae,
545 2841 599 2898 tot
621 2828 908 2925 impugnationes
935 2823 1084 2918 diaboli,
1110 2841 1164 2899 tot
1184 2827 1348 2928 corporis
1369 2826 1479 2921 bella,
1508 2841 1562 2900 tot
1589 2827 1699 2901 seculi
1722 2827 1842 2902 clades
1867 2829 2005 2900 evasit:

413 2960 448 3016 et
472 2945 648 3043 lacrymas
673 2944 870 3038 fundimus,
893 2945 996 3043 quasi
1021 2946 1089 3043 ipsi
1108 2946 1311 3019 nesciamus
1335 2945 1425 3046 quid
1450 2946 1614 3045 quotidie
1638 2949 1829 3045 patiamur.
1857 2951 2009 3048 Propter

414 3064 513 3163 quod
527 3080 564 3137 et
578 3064 755 3137 Dominus
768 3065 819 3137 sic
830 3063 1002 3137 admonet
1015 3064 1252 3166 discipulos⁸:
1272 3096 1290 3135 r
1305 3067 1342 3138 Si
1358 3065 1549 3164 diligeretis
1565 3091 1636 3160 me,
1652 3064 1852 3165 gauderetis
1868 3068 2005 3165 utique,

415 3214 433 3252 u
454 3185 540 3281 quia
553 3182 650 3257 vado
668 3182 714 3255 ad
732 3197 885 3282 patrem.
896 3211 914 3253 n
926 3182 1035 3256 Plane
1047 3198 1232 3258 mortuum
1243 3188 1418 3258 Lazarum
1433 3184 1544 3276 flevit,
1556 3183 1672 3259 doluit
1687 3209 1763 3257 non
1780 3186 2006 3272 morientem,

374 3355 380 3369 .
412 3304 475 3377 scd
492 3305 613 3404 potius
626 3318 883 3399 resurgentem,
902 3317 939 3377 et
955 3302 1063 3378 flebat
1076 3328 1187 3403 quem
1200 3303 1397 3402 cogebatur
1414 3329 1483 3405 pro
1497 3303 1678 3378 salvandis
1692 3305 1770 3378 aliis
1786 3304 1833 3379 ad
1850 3304 2008 3379 seculum

412 3447 593 3497 revocare.
612 3429 714 3497 Hanc
728 3424 837 3498 vitam
849 3422 940 3497 dans
952 3426 1132 3497 Dominus
1146 3423 1416 3521 ingemiscebat,
1434 3446 1544 3522 quam
1558 3440 1599 3498 tu
1611 3423 1714 3497 doles
1727 3448 1804 3498 esse
1816 3423 2005 3498 sublatam.

411 3548 547 3617 Contra
567 3543 743 3641 lacrymas
760 3545 837 3640 ejus
852 3559 1016 3641 pugnant
1033 3559 1111 3617 tuae.
1130 3543 1193 3616 llle
1212 3543 1359 3617 nolebat
1377 3541 1530 3616 reddere
1550 3542 1736 3618 laboribus
1751 3568 1861 3642 quem
1877 3542 2008 3617 dilexe-

412 3677 478 3753 rat,
505 3677 541 3735 et
566 3677 604 3735 tu
630 3686 751 3736 amare
773 3676 809 3735 te
837 3664 973 3751 credis,
993 3665 1052 3735 cui
1079 3661 1245 3736 laborum
1270 3661 1416 3736 volebas
1442 3660 1562 3735 adbuc
1587 3678 1720 3737 restare
1743 3677 1935 3737 tormenta.
1956 3667 2008 3735 De

412 3781 533 3853 hostili
544 3783 658 3881 patria
671 3781 834 3878 migravit
850 3781 896 3854 ad
914 3781 1060 3854 coelum.
1080 3780 1271 3880 Apostolus
1288 3786 1496 3856 memorat⁰z
1511 3781 1724 3871 «Quamdiu
1742 3806 1867 3856 sumus
1883 3783 1919 3854 in
1937 3782 2008 3855 hoc

415 3930 433 3968 a
445 3900 580 3990 secu10,
592 3901 863 4000 peregrinamur
873 3925 895 3975 a
906 3905 996 3973 Deo.
1012 3930 1032 3969 n
1048 3901 1153 3973 Unde
1167 3926 1253 3999 ergo
1269 3900 1338 3973 illae
1350 3901 1514 3999 lacrymae
1526 3902 1655 3975 Rachel
1667 3902 1682 3973 i
1695 3901 1792 3976 uude
1802 3903 2006 4000 compassio

412 4019 575 4093 fidelium
596 4044 703 4118 super
723 4020 974 4093 interfectione
992 4022 1174 4118 justorum
1199 4044 1280 4118 quae
1300 4020 1380 4093 finit
1394 4022 1432 4094 in
1450 4023 1502 4094 cis
1517 4023 1698 4095 miseriam
1719 4036 1755 4093 et
1767 4022 1908 4094 confert
1923 4021 2008 4118 glo—

412 4140 525 4213 riam?
536 4139 591 4212 vel
604 4141 711 4212 etiam
729 4127 811 4212 cum
829 4141 953 4213 omnia
968 4165 1048 4239 quae
1063 4140 1233 4214 accidunt
1249 4142 1384 4236 electis,
1395 4142 1459 4236 eis,
1479 4157 1519 4214 ut
1535 4141 1673 4215 dictum
1686 4154 1752 4234 est,
1764 4154 2008 4239 cooperentur

411 4261 448 4332 in
475 4259 634 4352 bonum,
654 4259 709 4332 vel
736 4259 913 4358 quidquid
938 4260 990 4333 eis
1015 4260 1174 4354 accidat,
1202 4286 1278 4334 uon
1303 4261 1586 4335 contristentur?
1603 4260 1708 4334 Unde
1733 4284 1801 4333 nos
1821 4284 1929 4358 super
1944 4283 2008 4331 eos

411 4378 534 4452 dolere
556 4368 739 4472 convenit,
759 4379 816 4452 vel
837 4380 933 4478 ipsos
954 4378 1001 4452 de
1027 4380 1148 4479 aliquo
1165 4383 1353 4481 poenitere,
1377 4406 1470 4479 quos
1494 4382 1531 4453 in
1559 4382 1629 4456 alia
1653 4382 1725 4454 vita
1749 4381 1832 4453 licet
1857 4403 2006 4451 suorum

412 4513 641 4597 peccatorum
671 4523 868 4590 memores,
897 4514 1037 4573 constat
1064 4515 1183 4573 tamen
1213 4502 1314 4575 nullo
1339 4501 1452 4574 modo
1478 4500 1606 4575 dolore
1632 4501 1850 4601 poenitentiae
1874 4495 2003 4570 afficit

411 4616 635 4690 attendentes
658 4618 791 4691 scilicet
806 4620 881 4718 ipsa
899 4620 1005 4692 etiam
1027 4636 1174 4718 peccata
1190 4620 1257 4694 sibi
1275 4622 1312 4693 in
1329 4620 1471 4693 bonum
1491 4620 1597 4694 luisse
1612 4633 1817 4720 cooperata.
1843 4618 2007 4715 Denique

410 4761 495 4809 cum
515 4737 638 4809 omnia
654 4738 790 4836 optime
806 4761 829 4811 a
844 4742 922 4811 Deo
938 4763 1013 4812 non
1031 4739 1250 4836 dubitemus,
1269 4740 1361 4815 adeo
1379 4753 1420 4813 ut
1435 4742 1512 4841 ipsa
1532 4763 1679 4840 quoque
1694 4738 1789 4811 mala
1806 4736 1945 4811 bonum
1962 4738 2007 4809 sit

443 5044 542 5111 timu,
554 5058 608 5108 erp.
620 5057 676 5109 ru,
689 5059 712 5097 r.
723 5048 763 5098 att
775 5070 806 5084 -·
815 5045 923 5107 ²Pron..
935 5059 990 5109 cap.
1010 5059 1037 5106 u,
1049 5059 1073 5099 r.
1085 5047 1342 5112 14.-⁸t’rur.,un
1354 5045 2005 5113 zur.21.-⁴1tem.,up.nn,r.as.-·tem..

411 5137 467 5188 erp.
477 5138 532 5189 arr,
547 5124 926 5191 r.as.-·11cortnrt.,up.
942 5139 967 5187 r,
980 5139 1003 5177 v.
1017 5127 1042 5178 6.
