4559 6100
477 451 548 522 192
1076 445 1206 518 vernt
1231 445 1467 519 AssAEtsttDt

473 601 525 668 Tu
553 596 673 669 dixisti
690 595 1005 668 circumcisionem
1021 595 1175 669 transire
1191 595 1228 666 in
1251 596 1480 694 praeputium,
1496 611 1531 670 et
1548 595 1762 695 praeputium
1778 595 1930 667 transire
1946 597 1984 668 in
1999 599 2069 670 cir·

474 716 745 789 cumcisionem.
765 718 861 812 Ergo
877 715 966 814 quid
980 715 1136 815 amplius
1150 714 1275 787 Judaeo
1282 740 1393 813 quam
1409 714 1542 787 Gentili
1557 729 1610 787 est
1621 715 1636 785 ?
1646 719 1735 803 Que
1744 715 1882 812 majora
1896 714 2069 790 beneficia

474 837 627 911 contulit
642 835 773 910 Judaeis
788 861 899 935 quam
916 837 1132 931 Gentilibus,
1159 838 1222 936 qui
1246 836 1460 909 dicebantur
1475 860 1583 909 canes
1604 851 1640 909 et
1659 837 1839 909 immundi
1859 837 1875 907 ἓ
1904 842 1974 910 lut
1991 864 2071 937 qnae

475 958 607 1030 utilitas
620 957 916 1050 circumcisionis,
936 956 974 1029 id
990 972 1044 1030 est
1059 956 1388 1030 circumcisorum?
1408 960 1486 1027 Hoc
1502 953 1651 1053 quidem
1667 957 1772 1054 quasi
1792 957 1968 1055 expositio
1987 983 2071 1057 prae·

475 1077 636 1150 cedentis
652 1076 832 1149 subditur.
851 1081 1021 1149 Poterant
1037 1078 1172 1177 quippe
1195 1101 1279 1149 cum
1295 1076 1358 1168 ait,
1380 1074 1538 1147 uludaeo
1551 1075 1635 1165 soli,
1652 1107 1670 1142 »
1696 1075 1845 1174 intelligi
1868 1076 1920 1148 illi
1939 1078 2005 1173 qui
2023 1077 2069 1149 ad

475 1196 610 1269 tribum
636 1195 736 1268 Judae
753 1199 948 1296 pertinent,
974 1221 997 1269 a
1020 1221 1096 1295 quo
1115 1196 1203 1268 dicti
1226 1210 1311 1268 sunt
1332 1193 1458 1266 Judaei.
1486 1198 1528 1266 Et
1548 1193 1648 1292 quod
1671 1193 1815 1288 dicitur,
1848 1227 1866 1263 e
1889 1194 1978 1293 quid
1993 1219 2070 1267 am·

475 1316 582 1414 plius,
598 1345 616 1384 n
634 1330 776 1415 poterat
794 1331 869 1389 tam
881 1316 928 1390 ad
942 1315 1084 1388 bonum
1101 1340 1212 1415 quam
1227 1314 1287 1388 ad.
1299 1313 1433 1386 malum
1454 1338 1494 1386 se
1509 1312 1656 1405 babere,
1675 1329 1712 1387 et
1729 1314 1877 1387 sortasse
1895 1315 2008 1411 magis
2023 1315 2070 1387 ad

475 1434 624 1523 malum,
644 1460 728 1507 cum
748 1435 891 1508 Judaeos
916 1435 954 1508 in
984 1437 1152 1534 proximo
1170 1436 1325 1508 maxime
1345 1434 1590 1531 vituperasset.
1618 1437 1680 1505 Fst
1700 1448 1822 1506 autem
1846 1433 2070 1507 consuetudo

475 1554 646 1654 Apostoli,
666 1554 758 1627 sicut
774 1580 838 1655 per
853 1557 1069 1656 praeputium
1087 1558 1235 1645 Gentes,
1253 1555 1305 1627 ita
1320 1578 1385 1651 per
1404 1554 1716 1626 circumcisionem
1729 1552 1870 1626 ludaeos
1890 1554 2066 1652 accipere.

479 1673 660 1746 «Multum
674 1705 693 1741 n
712 1674 877 1749 videlicet
891 1675 1048 1776 amplius
1066 1674 1228 1748 utilitatis
1243 1673 1367 1746 ludaeo
1392 1697 1502 1769 quam
1527 1671 1660 1744 Gentili
1684 1673 1810 1745 olima
1827 1674 1985 1745 Domino
1998 1674 2071 1747 col·

475 1791 588 1864 latum
604 1808 669 1866 est.
683 1793 711 1861 ἀ
726 1800 794 1894 Ιζοτ
809 1820 958 1868 omnem
973 1794 1140 1888 modum,
1158 1823 1176 1861 n
1195 1791 1315 1884 id'est,
1341 1790 1458 1865 modis
1481 1791 1663 1882 omnibus,
1682 1792 1760 1889 lege
1781 1792 1915 1865 scilicet
1932 1817 1995 1865 eos
2015 1793 2070 1864 in'·

476 1913 664 2006 struendo,
676 1928 712 1987 et
726 1916 908 1989 miraculis
923 1917 1136 2003 innumeris,
1151 1929 1187 1988 et
1203 1913 1385 1987 beneficiis
1398 1910 1666 2006 confirmando,
1682 1911 1776 1985 etad
1791 1937 1955 1986 amorem
1963 1937 2069 1985 suum

350 2075 354 2082 ·
475 2032 724 2127 provocando.
746 2034 850 2108 used
862 2035 934 2108 boc
950 2037 1122 2134 primum,
1137 2065 1155 2102 s
1175 2033 1213 2107 id
1229 2046 1297 2124 est,
1315 2032 1511 2105 maximum
1533 2027 1623 2102 illud
1647 2028 1713 2103 luit
1739 2031 1832 2103 inter
1855 2030 1956 2104 bona
1980 2033 2046 2103 Dei
2055 2086 2066 2121 ,

475 2151 574 2246 quod
603 2153 718 2250 legem
734 2155 785 2227 eis
803 2153 931 2245 dedit;
958 2169 998 2228 ut
1026 2179 1102 2227 non
1121 2154 1240 2226 solum
1267 2151 1422 2225 naturali
1446 2151 1537 2224 sicut
1564 2151 1735 2241 Gentiles,
1769 2175 1895 2224 verum
1926 2151 2070 2250 insuper

475 2271 608 2369 scripta
622 2271 700 2368 lege
713 2275 988 2356 instruerentur.
1007 2278 1052 2346 Et
1065 2273 1137 2345 boc
1154 2288 1207 2345 est
1223 2271 1324 2370 quod
1340 2272 1390 2343 ait
1411 2301 1429 2336 a
1440 2271 1599 2368 primum
1611 2300 1629 2335 1>
1646 2268 1683 2341 id
1700 2283 1766 2364 est,
1787 2271 1982 2343 maximum
2004 2270 2069 2344 luit

474 2387 563 2461 illud
578 2388 810 2486 beneficium,
830 2393 933 2491 quod
948 2407 1033 2465 sunt
1049 2392 1117 2465 illis
1140 2421 1160 2460 u
1174 2392 1322 2485 credita,
1336 2421 1354 2457 »
1374 2389 1413 2463 id
1432 2404 1486 2462 est
1502 2386 1707 2481 commissa,
1728 2419 1747 2457 u
1771 2389 1917 2487 eloquia
1938 2391 2004 2462 Dei
2032 2391 2067 2462 in

475 2506 551 2605 lege
567 2523 604 2581 et
618 2510 820 2611 Prophetis.
833 2541 852 2580 n
869 2510 978 2600 Quod
990 2510 1139 2609 quidem
1157 2510 1297 2584 donum
1317 2525 1353 2583 et
1378 2534 1441 2582 eos
1457 2508 1615 2598 erudire,
1634 2523 1671 2580 et
1695 2509 1732 2581 in
1754 2523 1969 2608 perpetuum
1992 2512 2071 2584 reti·

475 2651 562 2700 nere
578 2643 710 2727 potest.
725 2635 819 2703 Nota
834 2644 955 2703 tamen
973 2629 1072 2730 quod
1087 2655 1164 2703 non
1177 2631 1227 2702 ait
1241 2630 1445 2721 commissa,
1464 2629 1529 2702 sed
1544 2628 1679 2701 credita
1699 2657 1710 2721 ;
1738 2631 1841 2726 quasi
1861 2630 1909 2702 ad
1930 2645 2070 2729 tempus

475 2746 527 2816 eis
544 2746 588 2818 sit
604 2747 681 2820 baec
698 2748 865 2822 doctrina
881 2748 1179 2843 accommodata,
1205 2774 1356 2848 quaeque
1378 2747 1425 2820 ad
1453 2774 1521 2821 nos
1548 2772 1613 2847 per
1634 2748 1856 2846 spiritualem
1880 2763 1916 2822 et
1938 2765 2069 2823 rectam

476 2864 553 2961 ejus
570 2866 839 2964 intelligentiam
853 2870 1044 2943 transitura
1061 2884 1151 2959 erat,
1167 2871 1257 2942 etin
1273 2867 1476 2942 carnalibus
1500 2868 1578 2964 ejus
1605 2866 1853 2960 observantiis,
1877 2871 1914 2941 in
1938 2869 2072 2966 quibus

479 2986 634 3060 maxime
659 2986 894 3062 confidebant
915 2988 1041 3081 Judaei,
1066 3003 1259 3063 cessatura.
1284 2990 1394 3077 Quasi
1416 3002 1453 3061 et
1478 2986 1635 3060 creditor
1665 2987 1891 3086 eloquiorum
1919 3011 2071 3061 suorum

476 3108 573 3177 Deus
598 3105 742 3196 dicitur,
768 3131 837 3205 pro
857 3107 989 3205 quibus
1014 3107 1062 3182 ab
1090 3108 1148 3180 bis
1168 3108 1301 3207 quibus
1326 3133 1369 3179 ea
1393 3108 1519 3198 credit,
1539 3107 1642 3204 quasi
1654 3108 1811 3207 pretium
1827 3106 2071 3179 obedientiam

476 3226 647 3323 requirat.
685 3225 806 3323 Verba
833 3229 900 3300 Dei
926 3227 1071 3327 eloquia
1094 3226 1203 3317 dicit,
1237 3227 1340 3326 quasi
1367 3242 1466 3302 extra
1495 3224 1566 3299 alia
1590 3226 1819 3299 locutionum
1848 3251 1978 3324 genera
2007 3251 2072 3326 per

474 3345 734 3437 excellentiam,
756 3374 774 3416 a
793 3361 941 3446 propter
954 3372 1128 3438 eorum,u
1145 3347 1183 3420 id
1199 3363 1264 3441 est,
1284 3346 1497 3420 obedientiae
1516 3343 1670 3416 lructum
1698 3361 1735 3420 et
1760 3345 1979 3419 salutiferam
2002 3345 2069 3418 do·

473 3465 638 3538 ctrinam.

526 3584 653 3672 «Quid
668 3586 812 3659 enim.»
830 3591 909 3676 Qua
925 3612 1045 3683 causa,
1062 3589 1197 3663 diceret
1214 3591 1342 3690 aliquis
1357 3591 1404 3664 de
1419 3592 1571 3691 eloquiis
1591 3590 1723 3663 divinis
1737 3588 1831 3662 datis
1854 3588 1904 3661 illi
1917 3585 2067 3687 populo,

476 3715 595 3775 tamen
619 3719 768 3802 propter
792 3706 1076 3783 incredulitatem
1104 3710 1182 3807 ejus
1208 3710 1308 3785 bona
1333 3713 1401 3811 ipsi
1419 3714 1597 3811 promissa
1612 3715 1711 3784 Deus
1728 3735 1804 3783 non
1821 3708 2066 3808 compleverit,

476 3822 551 3893 sive
567 3821 613 3895 de
630 3824 855 3923 reparatione
871 3824 1022 3901 bumani
1039 3829 1178 3925 generis
1191 3855 1257 3929 per
1272 3831 1400 3903 Filium
1416 3857 1535 3924 suum,
1549 3834 1623 3906 sive
1636 3831 1682 3904 de
1698 3830 1973 3930 quibuscunque
1988 3853 2071 3927 pro·

475 3942 729 4017 missionibus?
751 3945 860 4033 Quod
886 3947 1033 4043 quidem
1057 3948 1202 4022 duobus
1230 3950 1349 4024 modis
1376 3950 1502 4025 refellit
1529 3951 1719 4052 Apostolus
1745 3948 1972 4024 ostendendo
1993 3971 2069 4020 non

475 4085 602 4135 omnes
619 4063 655 4135 in
671 4064 808 4166 populo
828 4065 936 4151 luisse
959 4068 1178 4163 incredulos,
1195 4085 1235 4142 ut
1250 4072 1391 4170 penitus
1410 4071 1462 4143 illi
1489 4072 1628 4171 populo
1644 4071 1821 4169 promissa
1837 4082 2068 4167 negarentur,

475 4205 542 4254 nec
557 4186 689 4278 Deum,
708 4185 793 4282 quia
807 4208 915 4259 verax
929 4201 995 4279 est,
1015 4189 1272 4287 promissiones
1291 4215 1374 4263 suas
1390 4215 1496 4289 posse
1511 4214 1663 4263 cessare.
1682 4190 1741 4261 Sic
1756 4188 1834 4287 lege
1853 4215 1862 4258 z
1882 4193 1978 4260 Bene
1994 4183 2069 4258 dixi

474 4302 670 4376 maximum
688 4303 778 4377 illud
794 4329 871 4379 esse
884 4305 930 4378 de
945 4307 1096 4408 eloquiis
1112 4309 1255 4401 divinis,
1278 4335 1344 4411 per
1371 4336 1450 4409 quae
1476 4310 1544 4383 sibi
1569 4309 1729 4383 alliceret
1753 4308 1929 4410 populum
1946 4330 2067 4378 suum.

472 4422 562 4493 Nam
574 4422 663 4520 quid
680 4424 831 4524 impedit
847 4427 1074 4525 propositum
1087 4428 1280 4503 divinum?
1295 4461 1312 4498 α
1327 4431 1365 4503 Si
1381 4430 1530 4529 quidam
1539 4430 1685 4503 illorum
1701 4453 1776 4503 non
1793 4425 2036 4516 crediderunt,
2049 4456 2069 4495 s

472 4537 539 4612 illis
555 4533 720 4639 eloquiis,
738 4543 811 4617 boc
828 4559 883 4617 est
905 4545 961 4618 bis
980 4572 1061 4646 quae
1077 4548 1129 4621 ibi
1145 4549 1446 4649 promittebantur
1461 4549 1519 4622 vel
1535 4548 1834 4650 praedicebantur,
1864 4578 1882 4614 ι
1904 4544 2073 4644 nunquid

472 4659 702 4735 incredulitas
717 4663 876 4756 illorum,
890 4693 909 4734 u
927 4668 991 4765 qui
1008 4667 1175 4743 videlicet
1188 4696 1263 4745 non
1280 4669 1535 4763 crediderunt,
1559 4700 1577 4738 ι
1596 4669 1706 4744 fidem
1723 4669 1803 4758 Dei,
1826 4695 1845 4735 u
1864 4665 1902 4738 id
1920 4678 1986 4755 est,
2004 4689 2074 4763 per

471 4804 582 4877 quam
594 4784 672 4854 Deo
685 4782 929 4877 crediderunt,
944 4816 962 4853 a
977 4791 1175 4883 evacuavit,
1191 4821 1209 4858 r
1223 4806 1263 4865 ut
1273 4790 1438 4864 videlicet
1450 4815 1526 4862 non
1541 4792 1700 4864 evenerit
1710 4785 1811 4886 quod
1825 4786 1901 4885 ipse
1913 4787 2072 4883 Moyses,

471 4902 579 4974 losue
596 4916 631 4975 et
646 4904 762 4977 caeteri
786 4903 910 4979 lideles
935 4907 1191 4982 crediderunt?
1219 4909 1365 5001 «Absit,
1387 4941 1405 4977 »
1434 4925 1475 4982 ut
1498 4909 1633 4983 scilicet
1659 4934 1788 4982 eorum
1810 4905 1900 4978 lides
1919 4905 1965 4978 sit
1987 4928 2078 4978 eva-

374 5091 378 5097 ,
472 5036 589 5111 cuata,
606 5022 644 5095 id
661 5039 728 5117 est,
747 5024 915 5101 frustrata
931 5028 968 5099 in
984 5028 1041 5101 bis
1057 5030 1243 5129 promissis
1256 5029 1306 5103 ibi
1317 5029 1493 5129 praedictis
1500 5028 1831 5129 quaecrediderunt.
1843 5055 1862 5096 v
1876 5029 1937 5099 tto
1948 5037 2081 5099 autem
