4559 6100
916 958 1274 1064 uuorsrur
1383 1103 1385 1108 ψ

415 1254 1784 1501 nutrimentum
1885 1446 1888 1452 ,

346 1989 511 2054 Tractatus
538 1987 700 2054 Aboelardi
721 1987 762 2054 cle
784 1986 1004 2054 Intellectr‘bur
1030 2003 1132 2053 exstat
1157 1989 1193 2053 in
1217 1987 1336 2054 Codice
1357 1993 1444 2057 2963
1466 1987 1673 2054 Bibliothecae
1695 1989 1901 2055 Abriucensis

301 2086 356 2175 qui
372 2100 441 2150 erat
455 2084 533 2150 olim
554 2085 692 2152 abbatim
713 2086 814 2151 sancti
835 2084 1001 2153 Michaelis
1014 2084 1047 2149 iu
1063 2085 1210 2152 Periculo
1229 2086 1344 2167 Maris,
1365 2109 1425 2152 nec
1440 2086 1604 2151 monachis
1619 2087 1720 2151 sancti
1736 2087 1902 2151 Benedicti

301 2185 435 2248 omnino
456 2184 585 2273 ignotus
611 2182 705 2249 titisse
722 2182 860 2250 ridetur.
877 2184 904 2248 Ii
920 2200 1028 2248 autem
1041 2206 1116 2249 cum
1130 2207 1200 2250 rem
1218 2185 1312 2249 nimis
1330 2184 1469 2250 breviter
1482 2182 1703 2273 inspexissent,
1718 2183 1796 2249 falso
1813 2173 1900 2249 assess

301 2296 434 2346 ruerunt
454 2281 489 2345 iu
512 2281 573 2346 isto
600 2280 711 2347 codice
737 2281 894 2347 contineri
921 2312 935 2340 a
951 2279 1129 2347 Abaillardi
1150 2277 1319 2371 Physicam
1341 2279 1581 2358 Aristotelen»
1603 2281 1746 2370 quamvis
1770 2282 1901 2368 hujusce

301 2379 524 2443 commentarii
538 2379 707 2469 vestigium
715 2377 841 2444 nullum
855 2379 909 2444 bic
920 2401 1025 2468 neque
1034 2377 1110 2445 olibi
1126 2395 1285 2458 occurrat,
1303 2394 1491 2469 constetque
1507 2378 1603 2469 ipsius
1614 2378 1701 2445 Petri
1716 2380 1900 2444 testimonio

301 2475 456 2565 quasdam
471 2491 596 2542 tantum
611 2476 737 2567 Logicae
754 2475 931 2542 Aristotelis
945 2494 1051 2566 partes
1066 2477 1128 2566 ipsi
1142 2476 1177 2541 in
1191 2499 1251 2541 usu
1266 2475 1374 2542 fuisse.

345 2574 435 2664 Opus
454 2574 539 2640 istud
555 2597 575 2639 a
592 2573 688 2639 uobis
699 2589 773 2639 ante
786 2572 1012 2663 evulgatum²,
1030 2575 1082 2640 bic
1097 2574 1237 2640 inserere
1248 2575 1427 2655 statuimus,
1438 2589 1475 2638 ut
1488 2596 1698 2663 quecumque
1712 2570 1901 2638 Aboelardus

302 2671 460 2761 scripserit
483 2671 625 2737 studioso
642 2670 756 2737 lectori
771 2693 855 2736 novo
871 2671 942 2736 baec
956 2671 1090 2738 offerret
1100 2669 1214 2753 editio,
1231 2687 1348 2761 praeter
1358 2670 1480 2737 inedita
1491 2687 1617 2736 tantum
1629 2669 1776 2736 derebus
1791 2670 1901 2761 logicis

301 2792 399 2859 opera
411 2792 483 2859 quae
495 2769 605 2860 paucis
621 2769 739 2836 abhinc
754 2770 845 2836 anuis
861 2769 895 2835 in
911 2768 1015 2837 lucem
1032 2766 1226 2835 emisimm'.

350 3022 404 3093 De
431 3019 737 3120 speculationibus
765 3023 907 3122 itaque,
934 3021 1007 3095 hoc
1029 3036 1082 3095 est
1108 2999 1367 3116 intellectibus,
1397 3021 1604 3114 disserturi,
1637 2999 1824 3094 statuimus
1851 3021 1906 3095 ad'
1960 3058 1964 3068 ·

301 3138 507 3236 diligentius
523 3165 650 3213 eorum
666 3141 927 3214 documentum
948 3142 1044 3242 ipsos
1063 3141 1222 3241 primum
1240 3166 1263 3214 a
1277 3142 1411 3214 ooeteris
1428 3142 1557 3214 animae
1576 3139 1805 3239 passionibus
1826 3140 1900 3212 sive

301 3256 550 3332 affectionibus
567 3260 782 3357 disjungere,
801 3260 857 3332 his
874 3259 1040 3333 videlicet
1059 3284 1139 3357 quae
1159 3258 1204 3332 ad
1225 3283 1353 3332 eorum
1374 3274 1540 3333 naturam
1558 3260 1714 3332 maxime
1731 3258 1901 3330 videntur

303 3377 488 3469 accedere,
512 3377 645 3451 deinde
670 3380 768 3478 ipsos
793 3403 940 3478 quoque
962 3378 1009 3452 ab
1032 3379 1187 3452 invicem
1210 3380 1367 3477 propriis
1387 3403 1552 3479 separare
1574 3378 1798 3468 differentiis,
1824 3401 1891 3475 pro

303 3512 343 3570 ut
365 3499 604 3571 necessarium
627 3497 799 3571 doctrinm
824 3522 1034 3572 sermonum
1056 3500 1299 3573 existimamus
1324 3524 1414 3572 esse.
1435 3502 1526 3571 Sunt
1550 3512 1672 3571 autem
1695 3498 1855 3596 quinque
1879 3520 1899 3568 a

301 3617 434 3715 quibus
453 3617 641 3715 diligenter
663 3642 726 3691 eos
746 3616 901 3715 disjungi
919 3619 1112 3692 convenit:
1131 3643 1256 3692 sensus
1276 3617 1461 3712 videlicet,
1482 3617 1703 3716 imaginatio,
1724 3616 1900 3689 existima·

302 3737 367 3831 tio,
387 3737 551 3827 scientia,
570 3739 674 3811 ratio.
1736 3722 1741 3743 ’

350 3859 442 3929 Cum
458 3882 564 3930 sensu
583 3872 703 3931 autem
726 3859 927 3933 intellectus
950 3868 1028 3932 tum
1045 3858 1183 3958 origine
1201 3872 1277 3931 tum
1301 3858 1410 3933 etiam
1428 3857 1576 3931 nomine
1592 3849 1810 3954 conjunctus
1832 3871 1896 3929 est.

301 3977 448 4074 Origine
470 3972 640 4076 quidem,
658 3978 758 4075 quod
781 3978 950 4078 quislibet
971 3980 1131 4078 quinque
1148 4002 1319 4052 sensuum
1335 4001 1413 4052 rem
1432 3972 1630 4075 quamlibet
1651 3974 1897 4066 attractand0,

305 4095 419 4194 ipsius
436 4095 544 4170 nobis
560 4097 832 4195 intelligentiam
850 4123 935 4171 mox
951 4099 1093 4194 ingerit.
1110 4095 1277 4171 Videndo
1293 4098 1429 4197 quippe
1446 4096 1595 4194 aliquid,
1614 4096 1671 4170 vel
1692 4094 1897 4183 audiendo,

300 4214 374 4288 sive
393 4214 599 4311 odorando,
618 4231 682 4289 aut
694 4216 887 4315 gustando,
913 4241 977 4289 seu
996 4217 1193 4317 tangend0,
1211 4218 1331 4317 ipsum
1346 4216 1447 4316 quod
1468 4217 1641 4290 sentimus
1664 4239 1749 4287 mox
1770 4214 1899 4287 intelli·

301 4334 432 4430 gimus.
458 4335 632 4434 Adeoque
652 4362 674 4412 a
692 4336 855 4411 sensibus
876 4336 922 4409 ad
940 4336 1141 4410 intellectus
1159 4360 1304 4434 surgere
1322 4327 1482 4411 humana
1503 4328 1724 4408 imbecillitas
1742 4334 1900 4431 compel-

300 4447 407 4539 litur,
427 4463 467 4522 ut
487 4451 547 4522 vir
572 4452 709 4547 aliquid
729 4453 912 4526 intellectu
936 4446 1090 4526 formare
1111 4452 1303 4551 possimus,
1325 4452 1394 4524 nisi
1410 4452 1456 4524 ad
1473 4442 1715 4551 corporalium
1738 4449 1900 4521 similitu·

303 4566 426 4639 dinem
452 4591 572 4641 rerum
607 4593 697 4667 quas
731 4592 902 4643 sensuum
935 4570 1189 4669 experimentis
1227 4569 1431 4642 didicimus.
1455 4563 1643 4640 Vocabulo
1680 4569 1789 4640 etiam
1824 4592 1898 4639 uon

300 4709 491 4784 nunquam
511 4710 636 4760 sensus
657 4712 725 4786 pro
749 4687 929 4760 intellectu
948 4687 1147 4780 abutimur,
1170 4712 1254 4760 cum
1275 4686 1441 4760 videlicet
1461 4711 1605 4760 sensum
1622 4687 1818 4760 verborum
1844 4685 1899 4756 di·

300 4806 415 4879 cimus
441 4830 509 4906 pro
536 4806 716 4880 intellectu
743 4807 918 4906 ipsorum.
947 4807 1073 4880 Visum
1105 4832 1253 4907 quoque
1281 4832 1348 4907 pro
1379 4805 1563 4881 intellectu
1594 4822 1669 4880 tam
1697 4807 1899 4878 Aristoteles

299 5067 509 5199 d’idiliidim
522 5070 552 5122 de
563 5068 590 5120 lo
601 5030 741 5136 frontet.
754 5068 809 5136 llll,
822 5083 847 5134 p.
862 5072 916 5125 180.
927 5095 956 5112 ··
968 5068 1041 5122 ’vm
1049 5072 1199 5136 Fragments
1212 5072 1243 5122 de
1252 5069 1412 5137 philosophie
1429 5069 1590 5132 scolasticae.
1605 5095 1633 5108 -
1644 5068 1774 5119 ³0Euores
1786 5070 1892 5122 intutus
1989 5080 1993 5085 ·

439 5186 445 5212 ,
461 5150 527 5221 lu-l,
544 5151 613 5203 1836.
