4559 6100
701 557 745 631 ΙΝ
770 557 1017 634 aristoteli
1042 562 1104 637 AD
1129 559 1358 634 ROMANOS.
1750 559 1815 639 aot

227 717 263 775 et
285 726 353 800 ego
377 703 483 774 mitto
501 726 579 775 vos.
598 731 615 769 n
635 704 701 775 Hic
723 705 863 802 pseudo
881 708 993 804 tangit
1007 707 1220 807 Apostolos,
1239 703 1305 805 qui
1329 731 1404 779 nun
1422 707 1519 780 missi
1542 729 1564 784 a
1580 709 1658 783 Deo
1682 735 1748 810 per
1764 737 1824 784 se-

161 847 166 858 ·
227 824 323 920 ipsos
340 820 388 894 ad
404 821 673 921 praedicandum
687 824 847 919 veniunt,
865 826 910 899 de
926 825 1057 924 quihus
1074 825 1152 925 ipsa
1171 825 1320 897 Veritas¹
1340 848 1349 895 :
1372 828 1553 915 «Omnes,
1571 827 1700 925 inquit,
1720 845 1825 926 quot·

226 957 317 1040 quot
326 956 518 1035 venerunt,
532 942 627 1015 sures
642 958 777 1016 suntet
792 944 963 1037 latrones,
975 947 1067 1018 sicut
1078 947 1251 1044 scriptum
1266 956 1331 1015 est.
1343 972 1362 1012 u
1374 944 1547 1040 Origenes
1559 972 1567 1017 ε
1581 946 1822 1047 «Exemplum

226 1061 299 1134 hoc
323 1061 370 1135 de
395 1062 485 1133 isaia
509 1061 652 1135 videtur
677 1079 949 1164 assumptum.»
969 1064 1178 1137 Ambrosius
1198 1087 1206 1136 ε
1229 1069 1338 1135 «Hoc
1352 1063 1529 1164 propheta
1545 1063 1633 1137 dicit
1650 1065 1819 1138 Nahum:

231 1208 251 1250 u
262 1179 514 1279 Apostolorum
536 1181 647 1280 pedes
670 1184 821 1281 speciosi
840 1184 997 1275 luerunt,
1014 1212 1032 1251 n
1049 1183 1134 1283 quia
1150 1182 1298 1255 aliectus
1311 1207 1439 1255 eorum
1455 1206 1476 1255 a
1493 1183 1661 1281 contagio
1677 1197 1824 1258 terrenae

227 1298 432 1399 cupiditatis
444 1298 574 1373 mundi
588 1302 797 1375 exstiterunt
813 1316 849 1376 et
864 1305 946 1402 puri
966 1305 1002 1375 in
1026 1309 1118 1396 Deo,
1136 1327 1212 1375 non
1234 1326 1313 1400 quae
1328 1325 1393 1375 sua
1409 1317 1492 1374 sunt
1509 1301 1555 1374 de
1572 1302 1825 1403 predicatione

227 1418 477 1515 quaerentium,
496 1418 560 1491 sed
576 1444 655 1516 quae
677 1425 758 1493 lesu
784 1421 928 1514 Christi,
957 1447 1023 1495 nec
1042 1422 1172 1511 ventri,
1190 1421 1254 1495 sed
1270 1425 1348 1493 Deo
1364 1421 1608 1494 servientium.
1629 1450 1649 1490 n
1667 1423 1773 1496 Unde
1789 1439 1827 1496 et

228 1537 321 1610 hene
344 1561 471 1620 eorum
495 1537 604 1637 pedes
627 1562 648 1612 a
674 1541 832 1613 Domino
858 1541 971 1615 abluti
993 1556 1090 1634 sunt,
1108 1565 1201 1639 quos
1223 1539 1332 1613 etiarn
1351 1551 1500 1640 propter
1521 1541 1616 1614 hanc
1639 1545 1825 1640 mysticam

228 1682 355 1730 eorum
371 1660 646 1758 speciositatem,
667 1662 916 1734 calceamentis
941 1660 1114 1735 abscondi
1139 1660 1337 1760 prohibuit,
1362 1661 1448 1759 quia
1472 1660 1634 1733 deforme
1651 1676 1705 1735 est
1723 1664 1825 1761 quod

229 1776 443 1868 occultatur,
462 1791 498 1850 et
517 1779 580 1851 uhi
596 1778 689 1853 male
704 1781 820 1877 agitur
836 1779 896 1853 lux
912 1780 1158 1854 absconditur.
1174 1809 1192 1847 r
1214 1807 1231 1846 r
1247 1780 1574 1877 Evangeliaantium
1588 1805 1729 1879 pacem,
1749 1809 1766 1848 s
1786 1783 1825 1854 id

228 1911 280 1968 est
301 1896 573 1996 praedicantium
598 1912 707 1996 atque
731 1895 940 1973 docentium
966 1899 1296 1973 reconciliationem
1320 1898 1368 1971 ad
1392 1903 1523 1972 Deum.
1550 1903 1590 1970 ln
1617 1923 1692 1997 quo
1717 1901 1827 1974 etiam

230 2017 396 2113 mysterio
418 2018 518 2088 omni
544 2017 669 2089 domui
692 2044 802 2117 quam
827 2021 1001 2093 intrarent
1023 2020 1145 2092 dicere
1165 2019 1447 2119 praecipiuntur:
1475 2023 1546 2091 Pas
1569 2018 1656 2091 huic
1682 2019 1825 2094 domui.

231 2163 248 2202 a
262 2138 373 2225 bona,
384 2164 401 2204 n
418 2137 551 2209 scilicet
563 2160 661 2227 vera,
674 2162 755 2235 quae
771 2164 838 2211 nec
855 2139 982 2214 oculus
996 2141 1096 2231 vidit,
1108 2154 1179 2211 etc.
1198 2142 1236 2209 ln
1251 2137 1321 2210 hac
1338 2137 1483 2234 quidem
1502 2138 1577 2211 vita
1590 2162 1714 2238 pacem
1730 2137 1825 2214 hane

229 2267 266 2326 et
281 2255 611 2362 reconciliationem
624 2255 671 2329 ad
689 2261 896 2371 Deumper
914 2259 1163 2357 poeniteutiam
1183 2257 1259 2354 jam
1281 2258 1519 2354 assequimur,
1538 2258 1631 2329 sicut
1652 2259 1823 2358 scripturn

230 2374 325 2444 est¹:
342 2374 631 2446 «convertimini
649 2375 696 2448 ad
717 2402 795 2468 me,
817 2392 853 2449 et
874 2401 941 2473 ego
962 2390 1151 2449 convertar
1162 2375 1208 2449 ad
1223 2400 1302 2448 vos.
1315 2405 1334 2445 n
1356 2380 1458 2448 Bona
1473 2400 1559 2447 vero
1581 2375 1641 2448 illa
1660 2391 1825 2474 postmo-

230 2490 319 2564 dum
342 2492 380 2564 in
397 2492 514 2566 lutura
532 2494 616 2566 vita.
644 2495 747 2567 Unde
767 2495 861 2568 bene
877 2497 1046 2594 praemisit
1063 2519 1202 2594 pacem,
1221 2509 1257 2568 et
1273 2510 1399 2595 postea
1413 2493 1526 2567 bona.
1549 2523 1567 2563 u
1585 2495 1787 2593 Evangelio,
1803 2527 1820 2563 a

229 2609 268 2683 id
286 2627 339 2683 est
355 2610 484 2685 divinae
497 2612 754 2713 praedicationi.

278 2760 295 2799 a
310 2733 400 2820 Quis
415 2731 580 2825 credidit,
593 2761 612 2801 u
632 2733 671 2805 id
687 2747 740 2806 est
759 2737 839 2833 quis
857 2761 921 2834 per
936 2737 1008 2809 hoc
1024 2736 1124 2835 quod
1142 2761 1164 2809 a
1182 2735 1288 2810 nobis
1305 2732 1455 2829 audivit,
1477 2734 1587 2808 fidem
1605 2734 1754 2810 habuit?
1774 2739 1824 2811 Ac

230 2857 258 2926 si
275 2854 408 2928 diceret
429 2882 438 2928 ε
458 2856 552 2928 Nulli
574 2854 629 2928 vel
658 2859 775 2954 pauci.
796 2891 812 2924 a
833 2864 947 2958 Ergo,
965 2889 982 2929 n
1003 2861 1042 2933 id
1066 2875 1119 2934 est
1145 2887 1188 2934 ex
1211 2861 1280 2933 isto
1304 2860 1511 2932 testimonio
1534 2873 1702 2959 apparet,
1725 2860 1825 2957 quod

233 3006 249 3041 a
266 2975 356 3048 tides
371 2975 520 3075 babetur
535 3001 577 3048 ex
595 2975 733 3071 auditu,
748 3004 814 3077 per
832 2980 981 3053 verbum
1000 2980 1161 3054 Christi»
1180 2981 1429 3081 potiusquam
1451 2994 1629 3072 nostrum,
1646 2980 1730 3079 quia
1750 3006 1824 3054 non

230 3122 270 3169 ex
295 3097 401 3169 uobis
422 3098 619 3195 loquimur,
642 3098 707 3171 sed
734 3124 776 3173 ex
797 3126 842 3174 eo
867 3101 967 3199 quod
990 3126 1058 3174 uos
1076 3104 1152 3201 ipse
1175 3101 1313 3190 docuit,
1335 3115 1373 3173 ut
1393 3099 1440 3173 ad
1465 3101 1576 3198 ipsius
1601 3100 1749 3199 gloriam
1769 3103 1824 3172 vel

231 3216 402 3291 ollensam
423 3216 622 3316 specialiter
647 3234 783 3315 spectet
806 3220 983 3318 quidquid
1005 3220 1051 3292 de
1076 3220 1329 3319 praedicatione
1357 3232 1480 3290 nostra
1508 3217 1658 3291 accidat.
1681 3248 1699 3284 a
1715 3224 1827 3289 Num·

230 3336 315 3433 quid
339 3361 429 3408 non.
444 3367 461 3402 v
481 3336 522 3408 ld
543 3352 596 3411 est
616 3350 733 3438 potest
747 3364 785 3410 se
806 3339 926 3435 aliqua
947 3337 1075 3410 mundi
1097 3363 1179 3437 pars
1195 3360 1362 3409 excusare
1383 3334 1430 3408 de
1454 3334 1661 3407 infidelitate
1681 3360 1825 3434 suaper

229 3457 480 3552 ignorantiam,
505 3459 607 3555 quasi
623 3458 670 3530 ad
686 3482 813 3530 omnes
838 3482 918 3529 non
938 3457 1076 3530 venerit
1100 3457 1154 3529 vel
1179 3470 1330 3528 ventura
1353 3455 1398 3527 sit
1422 3453 1634 3549 Evangelica
1656 3444 1843 3553 praedica-¹
1910 3538 1913 3543 ¹

231 3576 281 3646 tio
295 3574 310 3644 ἓ
325 3580 375 3647 Ac
401 3577 429 3647 si
452 3577 587 3650 diecret
608 3581 884 3675 :Nequaquam
908 3575 1019 3664 Quod
1044 3578 1163 3648 statim
1186 3574 1391 3646 testimonio
1415 3573 1604 3646 Psalmistae
1628 3573 1822 3663 convincit,

231 3692 373 3767 dicens:
389 3725 406 3761 a
420 3701 462 3767 Et
475 3696 623 3793 quidem
639 3696 676 3767 in
694 3720 840 3767 omnem
854 3709 983 3767 terram
996 3696 1117 3783 exivit,
1130 3724 1147 3764 v
1162 3694 1243 3766 licet
1257 3719 1332 3766 non
1345 3718 1472 3765 omnes
1485 3692 1669 3785 obediant,
1682 3722 1700 3759 a
1715 3716 1825 3764 sonus

230 3839 375 3903 eorum,
400 3846 417 3881 a
437 3814 473 3887 id
496 3831 550 3888 est
576 3815 670 3888 sama
691 3815 944 3914 Apostolorum
962 3815 1035 3886 sive
1052 3812 1329 3913 praedicatorum
1345 3811 1543 3910 Evangelii,
1564 3843 1582 3879 a
1606 3827 1642 3883 et
1659 3836 1770 3909 usque
1789 3813 1824 3882 in

230 3933 318 4006 fines
330 3934 428 4007 orbis
439 3950 542 4007 terne
555 3935 692 4007 verba»
705 3960 771 4034 per
786 3960 866 4032 quae
883 3933 1135 4032 praedicahant.
1157 3934 1237 4005 Diri
1252 3965 1267 4000 a
1279 3935 1315 4004 in
1331 3931 1432 4023 fines,
1445 3964 1462 3999 ν
1477 3931 1515 4004 id
1531 3947 1584 4004 est
1600 3932 1647 4004 ad
1663 3944 1826 4003 externas

230 4056 337 4125 etiam
353 4068 478 4153 partes
485 4052 630 4146 mundi,
649 4078 738 4151 quas
754 4053 863 4126 incoli
878 4067 1016 4124 certum
1031 4067 1120 4124 esta
1137 4049 1350 4124 Gentilibus.
1366 4050 1439 4123 Sed
1457 4049 1635 4148 numquid
1650 4048 1733 4122 ideo
1750 4073 1824 4122 nnn

230 4184 477 4267 cognoverunt
492 4168 622 4256 ludaei,
641 4168 741 4265 quod
762 4167 894 4240 scilicet
911 4166 1115 4266 praedicatio
1141 4166 1303 4239 transivit
1325 4181 1399 4238 tam
1419 4165 1526 4263 longe
1545 4165 1593 4238 ad
1615 4165 1767 4238 Gentes?
1787 4163 1827 4236 id

231 4302 283 4359 est
299 4287 478 4386 numquid
492 4288 575 4361 ideo
591 4312 629 4360 se
645 4302 795 4385 possunt
811 4310 999 4376 excusare,
1020 4287 1121 4382 quasi
1137 4286 1188 4356 eis
1204 4309 1278 4357 non
1294 4264 1399 4356 luerit
1416 4284 1538 4357 oblata
1553 4283 1772 4384 pradicatio,
1791 4296 1828 4355 et

230 4406 301 4479 hoo
316 4406 587 4504 praedicantium
607 4406 720 4504 culpae
742 4406 945 4504 imputare?
970 4408 1042 4475 Nec
1058 4403 1145 4477 dicit
1162 4416 1301 4476 tantum
1320 4428 1329 4473 ε
1350 4407 1429 4474 Non
1448 4402 1598 4494 audivit,
1613 4401 1676 4475 sed
1691 4403 1822 4475 etiam:

231 4530 309 4597 Non
326 4526 515 4623 cognovit,
534 4525 572 4598 id
588 4538 641 4598 est
658 4549 733 4597 non
752 4523 906 4598 advertit
923 4524 1034 4622 ipsius
1050 4522 1316 4622 praedicationis
1334 4522 1531 4595 veritatem.
1550 4527 1600 4595 Ac
1615 4523 1645 4594 si
1660 4521 1794 4594 diceret
1814 4546 1823 4590 ε

231 4647 363 4718 Revera
389 4646 490 4737 lecit,
514 4646 594 4718 lieet
624 4644 764 4717 malitiae
791 4658 827 4715 et
852 4642 1016 4731 invidiae,
1042 4667 1107 4715 seu
1128 4656 1276 4714 terrenae
1301 4639 1505 4738 cupiditatis
1532 4641 1610 4715 zelo
1636 4642 1822 4714 resisteret.

233 4763 335 4837 Unde
352 4779 387 4837 et
402 4778 590 4863 peceatum
606 4764 682 4860 ejus
701 4759 940 4834 irremissibile
957 4762 995 4832 in
1015 4762 1187 4858 Spiritum
1203 4773 1366 4832 sanctum
1386 4759 1552 4857 persistit.
1572 4763 1615 4832 Et
1628 4759 1700 4831 hoc
1716 4757 1827 4855 ipsius

231 4884 362 4981 Moysis
377 4883 582 4957 testimonio
599 4883 736 4969 astruit,
753 4883 815 4979 qui
832 4881 924 4952 sicut
938 4881 1076 4979 primus
1093 4878 1353 4980 Prophetarum
1370 4879 1560 4978 scripserit,
1573 4880 1621 4951 ita
1638 4891 1671 4949 et
1689 4876 1825 4975 primus

264 5159 368 5224 'loau.,
381 5171 434 5222 erp.
449 5174 478 5225 x,
492 5175 515 5211 v.
527 5164 550 5213 t.
567 5187 593 5199 -
608 5158 712 5221 Ἔπη,
722 5172 775 5223 cap.
790 5171 808 5218 r,
820 5161 880 5209 vt.
