4559 6100
287 622 293 633 ι
396 528 408 550 ·
504 512 574 587 108
1105 513 1234 586 PETRl
1261 510 1495 585 ABAELARDl

501 660 584 733 c'nm
600 662 736 734 ibidem
760 665 878 734 statim
902 662 1065 736 additum
1085 667 1142 755 sit,
1162 689 1237 736 non
1257 664 1488 762 intempore,
1507 662 1570 735 sed
1585 687 1650 762 per
1672 659 1873 758 respectum
1890 662 2093 760 temporalis

501 784 739 877 generationis
755 782 915 880 ejusdem
927 783 1003 854 Filii
1020 807 1063 854 ex
1080 798 1205 874 matre,
1220 783 1258 855 id
1270 782 1406 854 dictum
1424 797 1490 871 est,
1510 797 1549 854 nt
1565 780 1729 853 videlicet
1742 779 1820 851 baec
1836 781 2043 880 principalis
2058 797 2091 854 et

499 902 617 999 prima
633 902 689 993 sit,
707 926 786 997 quae
802 915 855 973 est
868 915 1013 993 aeterna,
1030 928 1094 1001 per
1111 928 1221 1000 qnam
1238 902 1285 976 ab
1302 901 1501 998 aequalitate
1513 901 1624 973 Patris
1632 925 1709 972 non
1719 898 1919 990 receditur3
1935 899 1995 974 illa
2006 925 2090 973 vero

497 1021 596 1116 quasi
615 1022 792 1118 posterior
816 1035 852 1093 et
875 1021 1095 1120 temporalis,
1116 1020 1318 1093 secundum
1335 1043 1445 1116 qnam
1464 1021 1584 1091 minor
1610 1023 1712 1093 Patre
1730 1019 1806 1118 ipse
1823 1019 1930 1091 Filius
1946 1019 2086 1092 dicitur.

497 1144 691 1212 Possumus
714 1141 831 1212 etiam·
847 1139 966 1211 dicere
988 1140 1024 1211 in
1044 1164 1088 1212 eo
1102 1141 1229 1212 Filium
1246 1164 1290 1211 ex
1307 1144 1410 1211 Patre
1427 1139 1573 1238 proprie
1589 1153 1715 1211 natum
1733 1161 1809 1210 esse
1825 1138 1897 1210 sive
1913 1140 2085 1234 genitum,

495 1259 595 1355 quod
623 1259 792 1331 naturalis
819 1260 863 1331 sit
887 1260 963 1356 ejus
987 1258 1112 1349 Filius,
1145 1283 1221 1331 non
1251 1258 1460 1357 adoptivus,
1488 1259 1579 1334 sicut
1605 1271 1641 1330 et
1667 1257 1788 1329 statim
1815 1256 2094 1347 determinatur,

494 1401 577 1449 cum
594 1378 760 1451 subditur
778 1403 853 1451 non
878 1378 1044 1465 aliunde,
1064 1378 1128 1451 sed
1153 1402 1196 1450 ex
1212 1398 1277 1451 sua
1298 1377 1507 1450 substantia.
1526 1376 1597 1450 Sed
1616 1390 1653 1449 et
1674 1374 1873 1449 secundum
1889 1375 1960 1449 boc
1986 1377 2087 1474 quod

489 1497 589 1591 juxta
605 1498 842 1597 philosophos
858 1512 942 1570 nata
957 1498 1031 1569 sive
1049 1499 1168 1595 genita
1188 1498 1311 1570 omnia
1328 1496 1514 1586 dicuntur,
1533 1521 1613 1593 quae
1633 1494 1680 1568 ab
1700 1495 1821 1594 aliquo
1840 1496 1976 1568 habent
1996 1521 2086 1585 esse,

491 1618 636 1715 proprie
656 1618 764 1690 Filius
781 1617 878 1691 solus
900 1644 942 1689 ex
962 1623 1064 1690 Patre
1081 1633 1276 1711 natusest,
1301 1617 1386 1715 quia
1408 1616 1505 1689 solus
1522 1619 1598 1715 ipse
1616 1615 1798 1690 nascendo
1815 1641 1858 1689 ex
1876 1616 1951 1715 ipsa
1977 1618 2087 1689 Patris

490 1736 685 1809 substantia
709 1753 775 1809 est.
804 1738 956 1836 Spiritus
979 1762 1066 1810 vero
1094 1752 1237 1810 sanctus
1260 1736 1459 1809 secundum
1484 1737 1555 1808 boc
1583 1760 1625 1807 ex
1656 1735 1863 1808 Patresolo
1891 1735 2086 1834 procedere

489 1858 635 1955 proprie
652 1856 795 1950 dicitur,
816 1857 917 1954 quod
936 1857 982 1929 ab
1002 1883 1046 1929 eo
1065 1858 1116 1929 sic
1136 1856 1313 1956 procedit,
1336 1857 1436 1953 quasi
1452 1879 1629 1928 asummo
1650 1856 1849 1955 principio,
1865 1855 1965 1952 quod
1987 1855 2093 1928 vide-¹

489 1974 571 2048 licet
587 1975 633 2047 ab
654 1977 725 2048 alio
740 1991 899 2049 nonest.
928 1976 1014 2049 lude
1037 1978 1134 2050 euim
1157 1976 1292 2074 aliquid
1312 1975 1508 2075 procedere
1528 1974 1673 2068 dicitur,
1700 1973 1798 2047 unde
1823 1975 1941 2074 primo
1962 1976 2083 2047 venire

488 2119 530 2168 ac
547 2098 685 2168 moueri
701 2097 827 2195 coepit,
852 2098 942 2169 sicut
957 2098 1056 2169 lacus
1073 2121 1116 2168 ex
1145 2097 1263 2186 fonte,
1290 2119 1366 2167 non
1383 2120 1426 2167 ex
1452 2095 1543 2183 rivo,
1567 2092 1631 2166 sed
1653 2119 1718 2192 per
1743 2095 1862 2166 rivum
1891 2095 2083 2194 procedere

487 2213 628 2304 dicitur,
655 2217 692 2288 in
715 2241 823 2313 quem
848 2216 981 2288 scilicet
1004 2219 1120 2288 rivum
1146 2240 1241 2312 aqua
1265 2216 1374 2314 ipsius
1395 2215 1494 2287 lacus
1520 2215 1566 2287 de
1586 2214 1684 2286 sonte
1711 2214 1882 2313 prodiens
1908 2240 1971 2314 per
1998 2240 2081 2287 eum

485 2337 610 2408 transit
629 2361 671 2407 ac
691 2337 855 2434 pervenit
872 2337 909 2407 in
930 2351 1108 2433 stagnum.
1130 2336 1188 2407 Sic
1209 2350 1245 2407 et
1270 2335 1421 2434 Spiritus
1440 2350 1583 2409 sanctus
1600 2359 1643 2407 ex
1666 2339 1768 2406 Patre
1790 2336 1935 2434 proprie
1952 2360 2080 2436 proce·

485 2453 570 2526 dere
594 2455 736 2542 dicitur,
755 2457 897 2552 quasia
923 2480 1064 2528 summa
1083 2456 1235 2552 origine,
1260 2479 1340 2552 quae
1365 2455 1499 2527 scilicet
1516 2453 1660 2527 aliunde
1684 2477 1760 2526 non
1786 2453 1845 2542 sit,
1865 2468 1901 2526 et
1927 2453 1975 2527 ab
2002 2457 2080 2553 ipso

484 2574 520 2644 in
545 2574 686 2667 Filium,
709 2577 811 2672 quasi
835 2576 873 2646 in
897 2576 1028 2665 nrum,
1051 2575 1135 2671 quia
1160 2572 1305 2671 etquod
1334 2573 1443 2646 habet
1466 2573 1574 2645 Filius
1598 2573 1645 2646 ab
1670 2573 1750 2671 ipso
1774 2570 1884 2645 habet
1906 2597 2023 2670 aquo
2045 2591 2080 2648 et

484 2691 555 2763 boc
572 2694 689 2790 ipsum
706 2693 816 2765 habet
833 2692 933 2790 quod
949 2694 1026 2793 ipse
1042 2707 1108 2781 est,
1135 2707 1171 2763 et
1192 2717 1258 2791 per
1280 2691 1408 2765 Filium
1430 2692 1477 2764 ad
1497 2717 1565 2765 nos
1581 2674 1727 2765 tandem
1743 2691 1844 2790 qnasi
1859 2692 1895 2762 in
1912 2707 2078 2790 stagnum

482 2811 589 2908 hujus
610 2811 732 2883 seculi.
753 2814 896 2911 Quippe
914 2814 976 2910 qui
998 2812 1119 2883 omnia
1142 2812 1179 2881 in'
1199 2812 1372 2910 sapientia
1390 2811 1473 2884 lacit
1496 2836 1538 2883 ac
1565 2811 1748 2911 disponit,
1771 2811 1808 2883 in
1831 2810 1900 2883 hac
1920 2813 1996 2911 ipsa
2022 2839 2079 2886 sa·

481 2931 617 3029 pientia
643 2953 707 3004 sua
732 2932 904 3030 Spiritum
932 2931 1056 3003 tribuit
1079 2955 1228 3003 suorum
1252 2930 1520 3004 distributorem
1545 2931 1751 3024 donorum,
1777 2954 1852 3002 non
1875 2931 2078 3030 improvide

481 3050 538 3122 vel
566 3050 842 3124 inconsiderate.
870 3051 974 3124 Unde
1006 3065 1043 3124 et
1073 3057 1111 3124 B.
1143 3053 1297 3125 Hilarius
1322 3053 1495 3152 Spiritum
1526 3077 1548 3125 a
1579 3056 1682 3125 Patre
1716 3075 1783 3151 per
1807 3050 1934 3125 Filium
1966 3058 2077 3152 magis

480 3173 588 3269 quarn
611 3198 631 3245 a
651 3178 752 3245 Patre
768 3187 804 3245 et
814 3173 902 3245 Filio
916 3174 1113 3274 procedere
1126 3199 1190 3247 seu
1208 3199 1298 3264 esse,
1315 3175 1405 3246 sicut
1419 3191 1454 3247 et
1469 3175 1561 3246 mitti
1581 3172 1758 3273 perhibet,
1780 3175 1829 3246 ita
1846 3173 1943 3245 etad
1958 3178 2075 3248 Deum

479 3297 618 3365 Patrem
638 3293 685 3365 de
705 3293 837 3392 Spiritu
855 3308 980 3366 sancto
997 3309 1033 3366 et
1050 3295 1140 3367 Filio
1157 3293 1309 3391 loquens
1323 3295 1361 3365 in
1380 3299 1442 3365 Xll
1461 3294 1505 3366 de
1524 3297 1697 3366 Trriu'tcte
1714 3292 1832 3385 libro;
1854 3323 1871 3363 u
1894 3298 1934 3365 ln
1951 3312 2075 3369 sancto

477 3412 608 3509 Spiritu
637 3428 700 3485 tuo
724 3439 766 3485 ex
794 3427 829 3485 te
849 3415 1062 3513 profectost
1080 3439 1145 3513 per
1161 3439 1246 3486 eum
1264 3416 1420 3487 misso.»
1442 3420 1555 3488 ltem:
1578 3443 1596 3484 u
1612 3418 1671 3486 ,ux
1695 3427 1731 3486 te
1748 3438 1813 3512 per
1829 3432 2086 3489 cumsanctus·

276 3619 278 3630 Ι
346 3535 350 3542 ’
476 3531 628 3626 Spiritus
641 3546 723 3604 tuus
737 3547 803 3604 est.
820 3561 837 3596 s
857 3538 966 3605 ltem:
990 3562 1008 3601 e
1029 3533 1157 3604 Filium
1179 3549 1281 3605 tuum
1301 3559 1373 3607 una
1390 3549 1510 3606 tecum
1527 3534 1689 3626 adorem,
1714 3550 1877 3607 sanctum
1900 3536 2073 3633 Spiritum

477 3662 580 3719 tuum
596 3652 720 3747 quiex
736 3664 771 3722 te
788 3676 851 3748 per
870 3652 1091 3747 unigenitum
1116 3666 1220 3721 tuum
1244 3667 1310 3744 est,
1336 3677 1556 3750 promerear.
1580 3684 1598 3719 u
1620 3657 1662 3724 Et
1683 3653 1755 3725 boc
1776 3653 1923 3725 fortasse
1941 3655 2068 3746 modo,

475 3769 505 3838 si
523 3768 638 3841 asolo
659 3769 760 3841 Patre
774 3768 969 3867 procedere
987 3769 1159 3868 Spiritum
1177 3772 1291 3842 Greci
1308 3770 1518 3869 intelligant,
1537 3787 1582 3845 eo
1599 3772 1732 3845 scilicet
1747 3771 1846 3868 quod
1860 3772 1911 3843 sic
1926 3771 1973 3843 ab
1990 3774 2071 3872 ipso

475 3887 655 3985 sit,·qnasi
678 3914 699 3961 a
724 3913 867 3961 summo
892 3904 928 3961 et
950 3913 1026 3960 nou
1047 3888 1217 3960 existente
1248 3888 1294 3961 ab
1323 3888 1407 3981 alio,
1427 3889 1526 3964 nulla
1541 3904 1594 3964 est
1610 3890 1792 3963 sententiae
1807 3894 2068 3984 controversia,

474 4005 537 4077 sed
549 4007 746 4080 verborum
760 4008 1113 4081 diversitas.Certum
1130 4010 1266 4108 quippe
1283 4023 1335 4081 est
1350 4024 1386 4082 et
1403 4011 1517 4083 solam
1534 4034 1727 4108 personam
1740 4010 1853 4082 Patris
1870 4009 1942 4082 hoc
1956 4012 2069 4085 modo

475 4150 654 4200 summam
679 4127 811 4201 debere
834 4129 1032 4226 praedicari,
1050 4129 1092 4224 [et
1106 4129 1290 4227 *Spiritum
1306 4154 1453 4227 quoque
1469 4131 1516 4203 ab
1541 4132 1620 4230 ipso
1638 4154 1715 4203 esse
1731 4129 1823 4202 sicut
1838 4128 1980 4220 aritio,
2004 4135 2068 4227 qui

473 4247 584 4342 ipsius
600 4272 747 4346 quoque
762 4249 852 4320 sicut
870 4263 905 4320 et
918 4246 996 4319 Filii
1009 4248 1161 4347 Spiritus
1178 4249 1321 4322 dicitur.

521 4366 630 4453 Quod
653 4390 739 4439 vero
759 4367 924 4439 nonnulli
943 4381 1148 4458 moventur,
1167 4393 1210 4440 ex
1228 4393 1272 4440 eo
1294 4368 1395 4465 quod
1409 4369 1562 4443 dicimus
1578 4370 1705 4443 Filium
1723 4393 1745 4443 a
1762 4374 1864 4441 Patre
1877 4392 1941 4466 per
1955 4392 2066 4465 geue-

362 4527 367 4532 ·
471 4486 646 4558 rationem
664 4511 753 4574 esse,
774 4502 811 4557 et
826 4488 998 4585 Spiritum
1014 4512 1035 4559 a
1054 4492 1157 4559 Patre
1180 4503 1215 4559 et
1230 4511 1252 4560 a
1270 4489 1358 4561 Filio
1378 4513 1445 4586 per
1461 4491 1741 4589 processionem,
1759 4512 1825 4560 nec
1844 4501 1964 4561 tamen
1982 4486 2066 4559 ideo

471 4608 613 4678 Patrem
629 4606 932 4704 perexistentiam
948 4607 1107 4705 priorem
1123 4631 1200 4679 esse
1214 4607 1323 4698 Filio,
1342 4608 1395 4679 vel
1412 4614 1554 4682 Patrem
1570 4625 1606 4682 et
1621 4609 1750 4681 Filium
1766 4607 1901 4704 Spiritu
1917 4620 2062 4699 sancto,

460 4711 586 4825 'potest
602 4751 645 4798 ex
662 4724 859 4797 multorum
875 4724 1106 4798 similitudine
1123 4728 1371 4826 exemplorum
1387 4727 1513 4802 relelli.
1533 4729 1624 4801 Solis
1647 4729 1783 4827 quippe
1797 4724 1994 4799 substantia
2012 4740 2066 4798 est

466 4861 503 4916 et
521 4845 709 4946 splendida
724 4859 759 4918 et
775 4843 1031 4934 illuminabilis,
1051 4845 1088 4917 id
1108 4860 1165 4918 est
1184 4861 1313 4945 potens
1329 4848 1531 4921 illuminare
1550 4846 1705 4945 aliquid,
1726 4861 1762 4918 et
1781 4871 1865 4917 curn
1883 4847 1929 4918 sit
1944 4847 2065 4946 splen-

466 4965 535 5037 dor
553 4992 595 5038 ex
617 4968 705 5057 sole,
731 4978 766 5038 et
786 4963 1068 5038 illuminabilitas
1087 4990 1131 5038 ex
1153 4966 1228 5038 sole
1249 4968 1412 5040 simulet
1435 4969 1640 5069 splendore,
1660 4989 1848 5063 nunqnam
1872 4980 1993 5038 tamen
2019 4991 2065 5038 er

464 5085 521 5156 his
536 5085 650 5158 tribus
665 5085 811 5183 aliquod
823 5111 888 5185 per
902 5087 1124 5160 existentiam
1144 5086 1290 5186 aliquod
1307 5086 1452 5161 illorum
1468 5089 1697 5189 praecesserit.
