4559 6100
896 584 988 655 58
1568 648 1585 655 -
2098 584 2354 656 Pffrm
2402 583 2868 657 ABAELARDI

1600 729 1838 794 Ultima
1866 731 2105 795 Cumaei
2135 731 2310 796 venit
2328 732 2464 816 jam
2492 733 2788 798 carminis
2816 750 2987 798 aetas.

1598 834 1869 925 Magnus
1895 835 1978 900 ab
2006 836 2256 926 integro
2289 838 2603 903 seclorum
2633 840 2912 906 nascitur
2938 838 3137 920 ordo,

1594 940 1627 1003 J
1632 963 1734 1006 am
1763 941 1931 1006 redit
1960 957 2025 1007 et
2053 942 2285 1032 Virgo,
2320 942 2595 1008 redeunt
2624 944 2917 1010 Saturnia
2943 968 3133 1034 regna
3151 994 3169 1027 ,

1597 1044 1738 1110 Iam
1768 1069 1934 1112 nova
1962 1049 2300 1137 progenies
2333 1048 2495 1114 eoelo
2525 1049 2877 1116 demittitur
2907 1048 3060 1114 alte.

992 1259 1086 1326 Et
1115 1270 1280 1353 post
1302 1279 1528 1356 pauca
1565 1287 1583 1328 ε

1693 1469 1913 1557 Teque
1946 1469 2112 1535 adeo
2145 1468 2341 1535 decus
2367 1471 2497 1536 boc
2526 1485 2591 1534 te
2622 1468 2898 1533 Consule
2928 1466 3117 1532 inibit
3134 1514 3154 1547 ,

1605 1573 1811 1640 Pollio
1827 1623 1846 1658 ,
1880 1576 1933 1639 si
1962 1598 2085 1665 qua
2115 1591 2381 1643 manent
2410 1575 2660 1641 sceleris
2685 1573 2948 1663 vestigia
2979 1574 3175 1637 nostri
3190 1619 3208 1652 ,

1599 1678 1783 1741 Irrita
1813 1673 2120 1766 perpetua
2148 1677 2397 1742 solvent
2428 1676 2770 1742 formidine
2799 1690 3021 1740 terras.

989 1893 1168 1970 Item
1198 1889 1291 1964 de
1317 1914 1544 1987 puero
1583 1916 1603 1962 ε

1600 2117 2030 2206 Paestumque
2059 2133 2237 2207 reget
2264 2118 2485 2206 patriis
2513 2117 2850 2182 virtutibus
2880 2115 3131 2181 orbem.

989 2375 1165 2458 Quae
1195 2370 1712 2468 apertissimam
1733 2370 1827 2442 de
1859 2371 2353 2443 incarnatione
2384 2372 2512 2443 filii
2534 2373 2667 2443 Dei
2702 2371 3077 2443 continent
3108 2364 3591 2466 prophetiam,
3630 2364 3787 2461 ipso
3819 2361 4070 2434 fortas-

892 2489 985 2560 sis
1017 2502 1234 2587 poeta
1266 2487 1640 2584 ignorante
1667 2512 1829 2587 quae
1860 2490 1933 2560 in
1969 2487 2238 2586 Sibylla
2271 2489 2385 2561 vel
2418 2491 2496 2561 in
2530 2514 2620 2561 eo
2655 2488 2958 2587 Spiritus
2987 2485 3430 2583 loqueretur,
3465 2483 3648 2554 sicut
3680 2479 3774 2553 de
3800 2479 4072 2578 Caipba

893 2609 1191 2705 contigit
1238 2607 1550 2700 dicente,
1586 2609 1789 2706 quia¹
1829 2638 1864 2677 κ
1899 2607 2185 2707 expedit
2222 2607 2428 2681 vobis
2460 2624 2543 2680 ut
2574 2633 2761 2681 unus
2812 2605 3159 2679 moriatur
3206 2604 3434 2677 homo
3484 2625 3617 2701 pro
3663 2598 3962 2700 populo,
3998 2614 4071 2672 et

891 2748 1044 2796 non
1077 2739 1228 2795 tota
1261 2747 1435 2820 gens
1486 2739 1759 2821 pereat,
1801 2755 1835 2791 ιι
1861 2725 1989 2796 ubi
2022 2739 2095 2796 et
2134 2725 2466 2820 subditur
2499 2755 2517 2796 ε
2552 2754 2589 2794 α
2629 2729 2786 2797 Hoc
2825 2738 3067 2796 autem
3097 2747 3143 2796 a
3172 2721 3558 2819 semetipso
3603 2742 3753 2792 non
3792 2717 3995 2789 dixit.
4027 2748 4062 2783 ι

890 2839 1247 2913 Facillime
1279 2855 1521 2913 autem
1552 2866 1636 2914 ex
1674 2842 2276 2939 subsequentibus
2321 2844 2657 2916 convinci
2690 2856 2929 2940 potest
2965 2841 3156 2915 hane
3216 2841 3556 2937 Eclogam
3593 2837 3684 2911 de
3715 2835 3916 2909 nullo
3947 2860 4069 2908 ve-

892 2961 1147 3031 raciter
1174 2973 1299 3031 aut
1319 2961 1828 3032 convenienter
1847 2962 2077 3060 accipi
2096 2985 2331 3062 posse,
2359 2962 2496 3034 nisi
2519 2961 2613 3034 de
2638 2963 3010 3034 incarnato
3037 2961 3403 3057 unigenito
3429 2959 3561 3031 Dei
3585 2958 3843 3057 typice,
3871 2979 4069 3028 more

893 3078 1347 3175 prophetico,
1372 3077 1729 3173 dicantur,
1757 3103 1926 3152 cum
1957 3080 2399 3179 apertissime
2422 3080 2601 3153 falsa
2628 3095 2700 3153 et
2734 3078 3208 3181 impossibilia
3232 3076 3867 3177 deprehendantur
3889 3098 4063 3163 esse,

893 3197 954 3268 si
996 3195 1090 3268 ad
1122 3195 1406 3268 literam
1447 3212 1925 3296 exponantur,
1971 3223 2107 3272 nec
2156 3200 2410 3271 saltem
2458 3196 2842 3271 commode
2874 3198 2949 3270 in
2979 3196 3499 3288 adulationem,
3537 3210 3618 3268 ut
3642 3179 4100 3292 quibusdam⁸

891 3313 1202 3402 videtur,
1241 3313 1505 3407 afferri,
1548 3341 1706 3414 quae
1749 3319 1986 3391 statim
2026 3316 2303 3415 judicio
2345 3318 2676 3390 omnium
2725 3330 3073 3415 tanquam
3112 3312 3560 3388 incredibilia
3594 3326 4062 3411 respuuntur:

895 3448 974 3506 ut
996 3436 1220 3530 magis
1237 3449 1494 3508 contra
1510 3451 1802 3535 poetam
1831 3451 2341 3509 commoveant
2366 3436 2460 3510 ad
2487 3435 3061 3533 indignationem
3089 3457 3309 3532 quam
3331 3430 3902 3506 benevolentiam
3935 3444 4071 3501 tra-

892 3552 1091 3625 hant.
1126 3552 1267 3625 Sed
1301 3552 1451 3625 haec
1483 3552 1888 3650 diligentius
1914 3554 2085 3627 alibi
2115 3553 2328 3626 nobis
2362 3555 2812 3628 ostendenda
2842 3555 2989 3627 sive
3012 3551 3441 3652 exponenda
3466 3562 3870 3640 ocem-ent,
3900 3572 4069 3620 cum

894 3668 988 3740 de
1019 3672 1511 3742 incarnatione
1543 3670 1812 3741 scilicet
1842 3670 2092 3759 Verbi,
2120 3672 2345 3765 magis
2378 3693 2597 3766 quam
2618 3671 2712 3743 de
2733 3670 3110 3744 divinitate
3142 3670 3293 3768 ejus
3316 3669 3719 3743 testimonia
3743 3665 4064 3738 confere-

899 3810 1081 3858 mus.
1116 3786 1259 3873 Qui
1292 3802 1362 3858 et
1393 3786 1862 3885 postmodum
1895 3788 1973 3857 in
2007 3784 2147 3859 alia
2177 3786 2443 3885 Ecloga
2472 3788 2795 3861 divinam
2824 3789 3238 3863 Trinitatem
3270 3780 3421 3862 non
3470 3785 3918 3861 mediocriter
3950 3784 4063 3855 in-

895 3927 1150 3996 nuenS,
1179 3928 1262 3975 ex
1290 3902 1664 3999 cujusdam
1695 3902 1787 3976 ad
1824 3902 2047 3976 alium
2073 3927 2383 4002 persona
2408 3903 2617 3976 dicit⁸
2649 3933 2665 3975 :

1582 4130 1791 4222 ‚Trina
1820 4128 1937 4193 tibi
1965 4128 2106 4194 haec
2135 4130 2411 4217 primum
2440 4130 2669 4220 triplici
2702 4130 2946 4197 diversa
2976 4133 3190 4198 colore

1599 4235 1770 4301 Licia
1792 4231 2121 4299 circumdo
2136 4281 2154 4315 ,
2190 4249 2412 4323 terque
2440 4236 2579 4301 haec
2606 4235 2827 4302 altaria
2857 4238 3097 4303 circum

1596 4338 1888 4429 Effigiem
1920 4339 2088 4405 duco
2105 4387 2126 4423 ,
2157 4363 2428 4406 numero
2459 4342 2630 4407 Deus
2658 4345 2902 4431 impare
2933 4342 3191 4431 gaudet.

893 4558 1074 4629 Vota
1118 4556 1400 4653 quippe·
1424 4553 1545 4627 hic
1593 4556 1886 4651 quidem
1924 4558 2238 4654 sortilegi
2280 4560 2458 4632 ritus
2504 4559 2924 4654 ostendens,
2956 4585 3116 4659 quae
3151 4562 3538 4633 maximam
3566 4561 3711 4630 vim
3747 4556 4064 4629 habeant

891 4671 986 4745 ad
1015 4671 1651 4771 constringendum
1684 4673 2047 4768 rebellem,
2070 4677 2382 4750 minatur
2417 4677 2701 4751 dicens:
2727 4679 2886 4752 Tria
2912 4678 3031 4753 fila
3053 4678 3373 4777 ejusdem
3404 4674 3835 4763 substantiae,
3859 4673 3934 4746 id
3956 4690 4063 4747 est

897 4792 981 4860 de
1013 4792 1197 4880 lana,
1225 4787 1346 4860 sed
1378 4789 1660 4863 diversa
1686 4792 1940 4890 triplici
1972 4792 2216 4865 colore
2243 4794 2400 4887 tibi,
2432 4796 2506 4868 in
2533 4795 2760 4894 effigie
2785 4796 3115 4873 videlicet
3144 4811 3295 4891 tua,
3322 4795 3725 4890 circumdo,
3753 4793 3843 4868 ad
3869 4807 3939 4865 te
3959 4793 4062 4864 vi-

965 5104 1109 5152 *Jeau
1125 5140 1153 5164 .,
1177 5119 1283 5164 *²³1³-
1313 5116 1386 5166 ιι,
1406 5118 1450 5154 v.
1478 5106 1557 5156 ω.
1581 5130 1642 5144 -
1663 5107 1680 5136 ²
1703 5106 1897 5168 Bucol„
1914 5105 2037 5167 vul,
2060 5120 2106 5156 v.
2133 5110 2194 5159 '1³
2213 5114 2264 5157 et
2285 5120 2361 5168 sq.

4226 3875 4232 3882 ,
4253 3840 4289 3868 Χ
