4559 6100
415 557 421 566 -
492 516 563 587 tn
789 481 792 488 ’
1090 499 1221 585 reum
1245 509 1478 583 romanor

490 685 586 733 mam
602 683 750 731 omnem
771 657 1030 754 mutabilesque
1045 684 1172 732 omues
1188 661 1332 758 spiritus
1350 659 1657 747 transcenderunt,
1678 671 1878 755 quaerentes
1894 682 2073 732 summum

489 785 619 851 Deum.
639 808 657 846 u
685 782 775 849 Item
799 776 844 849 de
872 776 1115 876 Plrilosopbis¹
1135 805 1144 848 :
1167 809 1184 844 α
1200 780 1244 849 Ηί
1266 802 1365 870 vero,
1390 803 1483 875 quos
1506 778 1633 850 merito
1656 778 1781 851 ceteris
1807 780 2071 877 anteponimus,

489 899 733 970 discreverunt
750 920 791 968 ea
811 921 890 992 quae
906 912 1027 969 mente
1045 896 1327 994 conspiciuntur,
1345 896 1392 969 ab
1408 897 1465 968 bis
1482 921 1561 993 quae
1577 895 1738 969 sensibus
1754 898 1989 992 attinguntur,
2008 923 2076 969 nec

489 1015 650 1087 sensibus
676 1015 873 1088 adimentes
896 1014 994 1112 quod
1021 1030 1183 1113 possunt,
1207 1040 1274 1087 nec
1298 1017 1349 1087 eis
1368 1015 1494 1087 dantes
1516 1016 1605 1086 ultra
1628 1037 1737 1112 quam
1760 1030 1921 1113 possunt.
1938 1020 2074 1087 Lumen

489 1151 607 1207 autem
625 1135 799 1205 mentium
821 1157 897 1205 esse
909 1133 1093 1223 dixerunt,
1112 1133 1160 1205 ad
1177 1132 1435 1207 discernenda²
1452 1136 1587 1225 omnia,
1607 1139 1723 1206 Deum
1747 1159 1768 1205 a
1792 1159 1866 1231 quo
1885 1134 2077 1207 factasunt

491 1255 657 1325 omnia.»
677 1252 851 1349 «Reliqua
870 1266 923 1323 est
941 1275 1022 1351 pars
1041 1251 1216 1341 moralis⁸,
1233 1278 1340 1350 quam
1359 1279 1472 1350 graeco
1491 1252 1812 1325 vocabulo'dicunt
1829 1252 1994 1344 ethicam,
2015 1253 2077 1324 ubi

491 1373 659 1470 quaeritur
675 1371 720 1442 de
734 1395 876 1442 summo
892 1369 1005 1461 bono,
1024 1396 1099 1468 quo
1116 1372 1308 1445 referentes
1324 1373 1446 1444 omnia
1460 1397 1538 1468 quae
1552 1374 1703 1468 agimus,
1720 1371 1820 1468 qnod
1838 1389 1912 1442 non
1931 1387 2079 1470 propter

490 1490 605 1578 aliud,
636 1489 699 1561 sed
728 1504 874 1588 propter
910 1491 1064 1588 seipsum
1100 1505 1306 1588 appetentes
1338 1492 1448 1589 idque
1474 1490 1728 1589 adipiscentes,
1758 1489 1847 1561 nibil
1880 1515 1955 1586 quo
1981 1490 2076 1562 beati

492 1612 602 1681 simus
625 1607 772 1680 ulterius
794 1610 1018 1707 requiramus
1040 1637 1048 1680 ε
1074 1609 1157 1681 ideo
1180 1612 1315 1709 quippe
1331 1626 1367 1682 et
1389 1610 1470 1681 smis
1493 1611 1692 1697 estdictus,
1711 1609 1960 1707 quiapropter
1979 1609 2079 1681 bunc

492 1743 609 1800 cetera
627 1727 805 1820 volumus,
825 1729 946 1827 ipsum
965 1743 1085 1800 autem
1104 1731 1250 1801 nonnisi
1270 1746 1418 1828 propter
1434 1732 1566 1828 ipsum.
1582 1760 1597 1796 u
1613 1733 1702 1802 ltem
1718 1756 1750 1798 :u
1762 1734 1864 1798 Nunc
1880 1729 1962 1798 satis
1978 1751 2077 1798 oom-

493 1871 704 1919 memorare‘
722 1847 908 1919 Platonem
936 1847 1192 1920 determinasse
1218 1846 1327 1919 fmem
1353 1848 1441 1920 boni
1468 1873 1543 1920 esse
1566 1862 1714 1947 propter
1740 1848 1906 1919 virtutem
1931 1847 2075 1936 vivere,

493 1968 578 2038 etei
601 1966 668 2037 soli
680 1967 823 2037 evenire
843 1991 949 2064 posse
962 1968 1023 2063 qui
1042 1968 1204 2038 notitiam
1222 1968 1290 2038 Dei
1311 1966 1439 2039 babeat
1456 1982 1490 2039 et
1508 1968 1777 2058 imitationem,
1796 1990 1863 2036 nec
1883 1989 1959 2037 esse
1973 1966 2080 2037 aliam

494 2086 542 2157 ob
563 2109 707 2156 causam
731 2084 887 2155 beatum.
911 2085 1066 2181 Ideoque
1090 2110 1165 2157 non
1192 2084 1331 2156 dubitat
1352 2087 1423 2157 hoc
1443 2109 1519 2157 esse
1539 2085 1784 2184 philosophari
1807 2108 1927 2157 amare
1947 2089 2078 2156 Deum.

494 2203 598 2275 Unde
612 2203 783 2299 colligunt
801 2189 888 2275 tunc
901 2204 976 2275 lore
992 2203 1136 2276 beatum
1152 2203 1352 2275 studiosum
1368 2204 1566 2303 sapientire,
1584 2204 1620 2277 id
1636 2219 1689 2276 est
1704 2202 1982 2302 philosophum,
1998 2228 2080 2273 cum

493 2329 570 2395 Deo
591 2321 659 2394 lrui
676 2322 836 2421 coeperit.
856 2323 1025 2420 Quisquis
1043 2347 1127 2420 crgo
1144 2324 1272 2394 fruitur
1290 2348 1334 2394 eo
1356 2323 1456 2421 quod
1482 2337 1590 2411 amat,
1620 2343 1815 2420 verumque
1839 2335 1874 2392 et
1900 2346 2079 2393 summum

493 2443 632 2514 bonum
648 2457 757 2532 amat,
780 2443 860 2539 quis
881 2467 965 2514 eum
979 2441 1125 2513 beatum
1149 2442 1215 2513 nisi
1232 2443 1450 2514 miserrimus
1473 2442 1598 2538 negat?
1615 2469 1631 2508 u
1657 2444 1737 2538 lpsa
1762 2429 2081 2537 quoque'Platoois

493 2562 709 2634 documenta
734 2560 924 2633 didicimus
945 2585 987 2631 ex
1011 2561 1093 2658 ipsis
1120 2560 1357 2658 philosophiae
1386 2562 1510 2632 studiis
1535 2576 1571 2632 et
1598 2561 1868 2654 investigatione
1900 2561 2080 2631 rationum

494 2681 569 2751 veri
598 2679 1001 2777 pbilosophos⁸utDeo
1027 2678 1192 2777 placeant
1216 2680 1414 2751 intendere.
1445 2686 1472 2750 Α
1497 2704 1571 2775 quo
1600 2680 1747 2776 quidem
1774 2679 1950 2776 praeniissa
1973 2703 2081 2777 prece

494 2778 531 2867 in
559 2797 779 2893 quibuslibet
809 2797 1005 2868 rationibus
1037 2812 1076 2868 ut
1102 2798 1285 2869 veritatem
1314 2802 1497 2896 percipere
1524 2824 1565 2872 ac
1588 2799 1759 2872 disserere
1784 2813 1946 2897 possent,
1974 2812 2082 2895 atque

494 2915 579 2986 hinc
606 2917 713 2987 etiam
742 2916 809 3013 ipsi
836 2917 975 3013 placere
1000 2914 1152 3014 supplici
1181 2915 1427 2989 obsecratione
1452 2917 1711 3015 postulabant:
1736 2920 1931 2990 intantum
1957 2933 2081 2989 utens

496 3059 621 3106 omnes
641 3060 706 3132 pro
725 3034 866 3106 furiosis
884 3051 917 3107 et
935 3033 1159 3134 inexpiandis
1175 3033 1365 3128 baberent,
1384 3036 1445 3132 qui
1463 3035 1631 3108 omnibus
1648 3051 1744 3109 recte
1760 3037 1907 3134 agendis
1923 3036 2079 3109 divinam

496 3178 570 3224 uon
598 3155 805 3225 invocarent
832 3179 952 3251 opem.
978 3159 1029 3226 Ex
1057 3181 1130 3252 quo
1158 3155 1352 3254 plurimum
1383 3170 1418 3226 et
1442 3180 1569 3227 eorum
1593 3157 1744 3227 intentio
1767 3157 2025 3245 manifestatur,
2046 3172 2081 3226 et

495 3272 676 3344 humilitas
697 3271 984 3358 commendatur,
1005 3299 1088 3346 cum
1107 3289 1142 3346 et
1159 3290 1305 3373 propter
1327 3279 1442 3346 Deum
1466 3276 1588 3346 omnia
1604 3289 1698 3346 recte
1715 3275 1772 3371 agi
1787 3276 1911 3366 velint,
1937 3289 1976 3344 ut
1999 3274 2082 3344 binc

495 3392 527 3463 ei
553 3392 801 3490 supplicetur⁸,
824 3407 858 3463 et
885 3393 917 3463 ei
940 3394 1062 3466 omnia
1088 3392 1245 3465 tribuant
1268 3393 1365 3466 bona
1387 3416 1500 3490 aquo
1519 3392 1700 3492 postulant
1724 3395 1900 3466 universa.
1922 3394 2012 3463 llinc
2031 3407 2082 3462 est

495 3510 582 3581 illud
604 3510 773 3598 Platonis,
797 3511 859 3582 ubi
881 3509 1084 3584 introducta
1103 3514 1259 3584 Socratis
1277 3527 1312 3585 et
1330 3513 1450 3584 Timaei
1472 3537 1636 3611 persona,
1667 3513 1953 3611 scriptum-est⁷:
1976 3540 1995 3578 a
2009 3513 2082 3581 So-

495 3644 620 3702 crates.
652 3632 746 3725 Ergo
775 3652 859 3723 age,
885 3630 1029 3715 Timaea,
1059 3630 1177 3702 deliba
1200 3647 1372 3728 coeptum,
1400 3645 1548 3722 vocata,
1578 3644 1616 3703 ut
1641 3657 1720 3703 mos
1744 3645 1815 3719 est,
1846 3634 1882 3702 io
1911 3630 2080 3702 auxilium
2116 3650 2119 3651 ’

496 3748 691 3821 divinitate.
717 3749 877 3818 timaeus.
903 3752 1014 3839 Vere,
1040 3749 1088 3818 mi
1113 3772 1136 3818 o
1162 3751 1337 3821 Socrates.
1367 3755 1455 3821 Nam
1476 3775 1558 3822 cum
1576 3750 1744 3822 omnibus
1766 3775 1846 3822 mos
1868 3751 1912 3821 sit
1933 3765 1968 3821 et
1983 3774 2081 3847 qute-

497 3865 579 3936 dam
603 3866 703 3962 qnasi
725 3864 869 3961 religio,
894 3866 956 3962 qui
985 3864 1030 3937 tle
1058 3866 1222 3937 maximis
1241 3865 1296 3938 vel
1319 3866 1364 3938 de
1386 3868 1542 3939 minimis
1572 3868 1678 3941 rebus
1700 3869 1813 3941 acturi
1834 3868 1967 3965 aliquid
1984 3881 2079 3953 sunt,

496 3984 660 4080 precari⁸¹
677 3982 723 4054 ad
747 3985 918 4055 arixilium
948 3984 1192 4074 divinitatem,
1218 4000 1354 4082 quanto
1380 4011 1448 4057 nos
1472 3987 1607 4082 aquius
1633 4002 1707 4078 est,
1746 3989 1808 4085 qui
1844 3987 2081 4059 universitatis

497 4116 630 4172 naturae
654 4101 928 4198 substantiaque
948 4102 1122 4175 rationem
1141 4107 1328 4201 praestituri
1345 4131 1480 4197 sumus,
1505 4106 1674 4179 iuvocare
1692 4107 1851 4178 divinam
1868 4130 1991 4203 opem,
2015 4105 2082 4175 nisi

496 4221 601 4318 plane
622 4245 715 4293 saevo
736 4221 896 4318 quodam
915 4220 1034 4295 furore
1055 4236 1161 4319 atque
1186 4224 1400 4323 implacabili
1418 4239 1600 4322 raptemur
1615 4225 1793 4299 amentia?
1813 4226 1866 4295 Sit
1887 4249 1973 4321 ergo
1995 4226 2082 4296 meis

498 4339 662 4436 precibus
687 4339 1010 4438 comprehensum,
1047 4343 1200 4414 maxime
1229 4343 1375 4439 quidem
1402 4358 1444 4415 ut
1473 4369 1514 4417 ea
1536 4344 1701 4417 dicantur
1724 4368 1746 4416 a
1768 4342 1873 4416 nobis
1899 4369 1978 4440 quae
2005 4343 2081 4439 pla·

441 4545 447 4552 ι
498 4476 602 4532 ceant
618 4465 714 4551 Dan,
732 4474 810 4532 tum
829 4473 867 4531 ut
883 4460 987 4532 uobis
1004 4486 1150 4559 quoque
1170 4463 1254 4560 ipsis
1277 4476 1539 4561 consequenter
1558 4465 1820 4563 propositoque
1837 4465 1936 4562 operi
1951 4463 2083 4533 decen·

498 4597 551 4654 ter
566 4583 800 4681 proferamus.
824 4614 842 4649 a
861 4584 950 4671 Quis
964 4585 1071 4657 etiarn
1089 4584 1186 4659 illam
1207 4586 1413 4682 Pythagorae
1430 4611 1504 4657 non
1521 4587 1604 4659 satis
1618 4585 1814 4658 admiretur
1828 4584 2079 4675 bumilitatem,

398 4792 402 4801 Ι
498 4704 560 4800 qui
581 4727 618 4775 se
637 4727 736 4775 more
752 4703 982 4798 antiquorum
1006 4728 1079 4775 non
1098 4704 1304 4777 sustinuerit
1322 4704 1491 4803 appellari
1506 4704 1680 4803 sophum,
1697 4705 1770 4776 boc
1786 4717 1839 4776 est
1862 4704 2078 4802 sapientem,

540 4944 545 4973 ¹
559 4941 611 4992 tn.
619 4939 689 5004 vttt,
701 4954 755 5003 cap.
763 4952 805 4992 ru.
815 4968 844 4978 -
855 4941 920 5004 Ἀρ.
928 4940 1072 5004 argutat
1083 4941 1211 4994 discendo.
1226 4966 1255 4982 -
1318 4944 1455 4995 didicimus
1476 4957 1505 4994 ee
1518 4945 1582 5007 ipris
1598 4944 1770 5009 philosophia
1790 4943 1884 4993 studiis
1903 4947 1926 4994 et
1943 4942 2081 5005 insertiqu-

497 5021 592 5081 ’lbr'rt.,
602 5035 655 5084 cap.
663 5020 801 5072 vnn-‘lu
810 5020 870 5071 ertu
881 5022 1094 5072 mutationem-
1105 5024 1114 5055 ⁸
1125 5021 1256 5073 sternen-
1320 5023 1387 5073 tium
1403 5024 1533 5074 rationum
1556 5025 1653 5076 moueri
1672 5025 1847 5091 philosophos.
1870 5049 1901 5061 —
1926 5023 1994 5073 'lid
2012 5024 2081 5086 Sup-

499 5104 538 5150 tts.
550 5101 640 5152 Forsan
650 5101 779 5162 legendum
793 5115 800 5151 r
812 5100 869 5164 ipro
880 5115 978 5166 quoque
989 5101 1105 5153 Plutonis
1115 5103 1259 5154 momento
1321 5101 1434 5165 plentur.
1445 5131 1474 5141 -
1485 5104 1532 5160 ’ln
1543 5103 1644 5155 l'imaeo.
1655 5132 1684 5142 -
1700 5104 1744 5155 'ln
1756 5106 1815 5155 edtt.
1827 5103 1978 5156 Praediouri.
