4559 6100
475 510 545 586 l68
1074 509 1202 585 PETRI
1228 509 1464 584 ABAELARDI

473 674 589 751 stum,
611 685 630 726 >t
647 657 703 729 vel
719 656 834 729 simile
859 655 1019 755 aliquid:
1044 682 1086 730 ac
1103 660 1133 730 si
1149 683 1258 731 omne
1281 657 1382 756 quod
1406 659 1545 755 agimus
1567 681 1867 755 recognoscamus
1883 660 1961 729 Deo
1976 660 2068 731 Patri

474 779 622 850 minime
639 777 872 877 placiturum,
893 777 961 848 nisi
977 801 1042 876 per
1057 778 1176 875 ipsum
1196 777 1434 851 mediatorem
1455 778 1517 875 qui
1539 802 1607 850 nos
1625 778 1658 850 ei
1674 776 1931 868 reconciliavit,
1952 800 2069 873 neque

474 922 541 969 nos
555 896 600 969 ab
618 921 663 968 eo
679 895 826 994 aliquod
841 896 979 968 bonum
1000 895 1152 994 adeptos
1172 898 1238 968 nisi
1255 921 1320 995 per
1337 896 1505 969 eumdem
1522 897 1585 994 qui
1599 896 1705 969 nobis
1720 897 1838 996 ipsum
1854 895 2065 995 pacificavit.

477 1047 494 1083 e
511 1017 622 1088 'lestis
635 1015 745 1087 enirn.
766 1042 784 1081 »
802 1014 967 1087 Ostendit
978 1016 1080 1111 quasi
1099 1039 1263 1109 accusa,
1283 1015 1384 1114 quod
1400 1039 1468 1115 pro
1485 1017 1597 1113 gratia
1613 1017 1664 1088 eis
1679 1015 1810 1090 collata
1821 1016 1975 1089 maxime
1991 1020 2067 1089 Deo

475 1136 603 1231 gratias
624 1150 725 1230 agat3
742 1135 827 1232 quia
842 1159 905 1206 eos
920 1147 1021 1207 tanto
1040 1116 1170 1207 affectu
1192 1133 1460 1233 complectitur,
1475 1149 1515 1206 ut
1531 1134 1567 1207 in
1592 1137 1666 1207 suis
1681 1159 1822 1234 semper
1844 1135 2067 1210 orationibus

474 1278 601 1326 eorum
616 1277 755 1325 memor
770 1254 827 1346 sit,
846 1252 885 1325 id
897 1268 972 1340 est,
987 1253 1272 1351 quotiescunque
1285 1278 1353 1352 pro
1370 1278 1408 1325 se
1425 1268 1521 1346 orat,
1534 1269 1613 1326 oret
1623 1255 1730 1328 etiam
1745 1271 1786 1326 ut
1800 1253 1848 1328 ad
1865 1278 1927 1326 eos
1941 1279 2068 1354 perve-

476 1374 552 1446 nire
565 1372 695 1464 valeat,
716 1387 755 1444 ut
771 1373 808 1443 in
825 1372 909 1471 ipsis
923 1396 1068 1470 quoque
1077 1372 1233 1469 aliquem
1247 1371 1379 1445 habeat
1394 1371 1560 1449 fructum.
1579 1372 1704 1467 Unde,
1722 1372 1855 1471 inquit,
1869 1371 1958 1444 mihi
1972 1375 2069 1446 testis

475 1507 527 1563 est
549 1496 663 1583 Deus,
687 1492 745 1563 cui
766 1492 882 1590 ipsam
903 1491 1104 1563 orationem
1121 1491 1232 1584 facio,
1252 1493 1366 1590 etqui
1384 1491 1503 1590 decipi
1520 1516 1595 1564 non
1612 1505 1750 1590 potest,
1765 1506 1802 1564 et
1819 1493 1882 1589 qui
1898 1492 1996 1565 solus
2013 1491 2069 1563 in·

474 1612 675 1683 tentionem
696 1609 873 1682 discutere
896 1624 1027 1709 potest.
1048 1615 1129 1682 Non
1156 1610 1243 1683 dicit
1265 1610 1491 1709 simpliciter,
1522 1641 1540 1678 α
1556 1612 1633 1684 sine
1649 1611 1931 1702 intermissione,
1959 1642 1977 1677 ιι
2005 1611 2069 1684 sed

481 1730 595 1802 «sine
614 1730 875 1802 intermissione
901 1729 937 1802 in
963 1729 1188 1802 orationibus
1213 1731 1320 1822 meis,
1345 1759 1363 1796 »ι
1390 1745 1429 1802 ut
1446 1729 1613 1803 videlicet
1631 1729 1731 1802 nulla
1758 1730 1835 1826 ejus
1857 1731 1972 1803 oratio
1993 1732 2069 1803 sine

477 1851 650 1922 memoria
665 1873 794 1921 eorum
810 1847 886 1921 liat.
909 1877 925 1917 a
944 1850 1011 1921 Cui
1035 1851 1153 1921 servio
1172 1849 1210 1920 in
1232 1851 1359 1948 spiritu
1380 1874 1474 1923 meo.
1493 1879 1511 1915 »
1532 1854 1612 1921 Hoc
1628 1861 1699 1940 est,
1720 1849 1882 1921 interiori
1904 1849 2066 1942 homine,

476 1993 518 2039 ex
536 1982 612 2040 toto
626 1968 792 2041 videlicet
815 1968 935 2041 cordis
959 1968 1108 2061 ellectu,
1127 1970 1218 2041 sicut
1235 1970 1385 2061 amicus,
1404 1993 1480 2041 non
1497 1968 1544 2043 ad
1561 1969 1728 2057 oculum,
1748 1969 1839 2041 sicut
1862 1992 1985 2041 servus
2008 1972 2070 2068 qui

476 2086 644 2184 flagellari
662 2088 774 2160 timet.
803 2118 820 2153 <r
843 2091 883 2159 ln
903 2087 1094 2183 Evangelio
1116 2086 1177 2159 filii
1195 2087 1284 2184 ejus.
1302 2116 1320 2156 u
1342 2091 1419 2160 Hoc
1433 2103 1505 2179 est,
1535 2088 1574 2160 in
1596 2087 1851 2187 predicatione
1873 2088 2066 2186 Evangelii,

476 2206 576 2303 quod
594 2207 770 2278 Dominus
787 2210 887 2279 lesus
900 2200 976 2305 ipse
992 2206 1099 2278 nobis
1113 2204 1261 2278 tradidit
1277 2220 1385 2303 atque
1402 2205 1537 2281 docuit.
1556 2237 1574 2274 α
1592 2206 1794 2279 Obsecrans
1810 2206 1918 2279 etiam
1934 2207 1965 2279 si
1978 2232 2070 2306 quo·

476 2324 601 2416 modo,
617 2356 634 2392 1>
649 2325 722 2397 sive
740 2349 805 2424 per
819 2325 1123 2422 tranquillitatem,
1137 2325 1213 2405 sive
1226 2349 1292 2424 per
1307 2324 1590 2418 tribulationem,
1604 2326 1679 2397 sive
1694 2310 1801 2414 terra,
1816 2326 1889 2397 sive
1906 2326 2009 2418 mari,
2023 2328 2071 2407 ad

477 2469 540 2516 vos
563 2469 716 2542 corpore
735 2446 842 2517 etiam
862 2448 1082 2545 perveniam.
1106 2450 1323 2543 Prospemm
1339 2446 1407 2517 iter
1419 2446 1505 2517 dicit
1527 2432 1727 2517 secundum
1743 2446 1811 2516 Dei
1834 2445 2068 2540 voluntatem,

477 2588 551 2634 non
568 2588 684 2652 suam,
703 2564 766 2659 qui
782 2562 950 2661 qualibet
966 2579 1174 2636 sanctorum
1189 2562 1348 2661 pericula
1364 2578 1581 2662 cooperatur
1596 2563 1647 2635 eis
1665 2564 1701 2635 in
1717 2562 1873 2656 honum,
1892 2579 1929 2637 et
1944 2565 2070 2639 melius

476 2684 526 2753 eis
542 2678 709 2779 providet
726 2706 835 2778 quam
852 2683 921 2779 ipsi
935 2681 1002 2754 sibi
1020 2682 1211 2782 providere
1229 2696 1379 2779 queant;
1396 2707 1481 2754 cum
1497 2683 1536 2755 in
1553 2680 1723 2755 omnibus
1734 2680 1901 2757 decantat
1918 2686 2070 2783 quisque

477 2799 660 2895 religiosus
678 2825 686 2868 ε
709 2828 727 2867 ι(
742 2800 819 2872 Fiat
833 2800 1000 2873 voluntas
1017 2814 1091 2896 tua,
1110 2830 1128 2867 »
1143 2824 1218 2871 non
1235 2800 1368 2873 scilicet
1386 2825 1479 2874 mea.

529 2947 546 2982 e
559 2917 731 2990 Desidero
753 2920 863 2991 enim.
880 2948 898 2987 »
918 2924 1033 2992 Causa
1051 2934 1183 2993 estcur
1194 2935 1273 2993 oret
1287 2922 1409 2994 venire
1424 2921 1470 2996 ad
1488 2946 1563 3015 eos,
1582 2937 1622 2995 ut
1642 2922 1805 2996 videlicet
1820 2946 1884 2994 sua
1901 2923 2072 3020 praedica·

478 3035 575 3109 tione
593 3037 741 3136 aliquod
758 3039 941 3138 spirituale
958 3038 1097 3113 donum
1109 3039 1160 3112 eis
1176 3040 1373 3140 impendat,
1392 3041 1643 3116 confirmando
1671 3067 1734 3115 eos
1756 3041 1828 3115 suis
1849 3037 2071 3114 adhortatio·

477 3155 582 3228 nibus
608 3159 643 3230 in
672 3158 750 3257 ipsa
774 3157 939 3232 doctrina
965 3185 1075 3258 quam
1101 3175 1324 3259 acceperant.
1356 3162 1464 3250 Quod
1492 3161 1658 3234 videlicet
1674 3159 1889 3233 confirmare
1907 3184 1970 3233 eos
1985 3159 2071 3233 dicit

476 3301 566 3367 esse,
604 3277 765 3376 seipsum
793 3278 900 3350 sinml
923 3280 1104 3352 consolari
1121 3280 1157 3351 in
1175 3281 1226 3352 eis
1238 3280 1330 3353 sicut
1350 3295 1386 3354 et
1410 3281 1477 3381 ipsi
1493 3281 1765 3354 consolarentur
1782 3282 1818 3352 iu
1833 3304 1899 3370 eo;
1915 3279 1988 3352 hoc
2004 3294 2075 3368 est,

475 3394 561 3468 dicit
577 3396 648 3469 hoc
665 3421 859 3471 commune
877 3398 953 3471 lore
969 3400 1136 3473 solatium
1155 3414 1228 3472 tam
1243 3381 1312 3474 sibi
1328 3401 1391 3498 qui
1407 3402 1609 3493 instrueret,
1628 3424 1737 3498 quam
1761 3397 1830 3471 illis
1854 3398 1919 3495 qui
1941 3400 2074 3471 instru-

475 3530 631 3588 erentur.
652 3515 723 3588 lllis
740 3515 899 3615 quidem,
916 3519 1001 3616 quia
1017 3517 1318 3591 confirmarentur
1333 3543 1398 3617 per
1419 3521 1496 3617 ejus
1511 3520 1681 3609 rationes,
1700 3519 1730 3593 si
1749 3519 1787 3591 in
1811 3516 1991 3617 aliquibus
2005 3517 2072 3589 du·

475 3633 631 3708 hilarent
647 3659 690 3710 ac
706 3636 918 3728 titubarent,
935 3638 1068 3710 civero
1085 3639 1147 3734 qui
1165 3638 1232 3710 illis
1247 3637 1479 3731 confirmatis,
1489 3641 1650 3713 securior
1658 3653 1750 3712 esset
1757 3638 1802 3711 de
1810 3638 2074 3736 perseverantia

475 3775 617 3825 eorum.
639 3758 716 3826 Hoc
733 3768 785 3825 est
805 3755 894 3828 illud
910 3779 1104 3828 commune
1130 3754 1316 3846 solatium,
1342 3757 1442 3854 quod
1468 3759 1506 3842 in
1530 3759 1610 3857 ipso
1634 3758 1947 3856 Hypotlteu‘corum
1962 3756 2074 3852 syllo-

473 3874 670 3967 gismorum
695 3870 842 3945 exordio
867 3874 961 3946 inter
976 3874 1148 3948 docentes
1168 3891 1204 3948 et
1226 3876 1403 3950 discentes
1429 3877 1597 3950 Boethius
1622 3891 1901 3967 commemorat,
1921 3876 2070 3949 diceus:

480 4021 497 4055 α
512 3994 604 4062 Cum
619 3991 657 4062 in
675 3991 845 4065 omnibus
863 3993 1100 4094 philosophiae
1118 3995 1315 4095 disciplinis
1331 3996 1532 4070 ediscendis
1547 4012 1656 4095 atque
1674 3996 1868 4071 tractandis
1892 4018 2074 4068 summum

475 4108 513 4181 in
527 4110 601 4186 vita
616 4111 783 4182 solatium
795 4113 953 4210 positum
967 4138 1043 4186 esse
1056 4115 1267 4205 existimem,
1282 4129 1351 4188 etc.
1363 4144 1383 4185 a
1404 4146 1421 4186 o
1433 4116 1605 4215 spiritalis
1615 4117 1746 4212 gratiae‚
1760 4143 1780 4183 »
1794 4115 1831 4188 id
1847 4130 1913 4208 est,
1925 4114 2076 4210 alicujus,

477 4228 654 4326 spiritalis,
682 4254 757 4302 non
780 4231 979 4331 corporalis
1000 4232 1090 4305 doni
1115 4235 1223 4330 gratis
1241 4233 1294 4308 ab·
1312 4236 1482 4335 apostolo
1501 4236 1667 4334 impensi,
1697 4258 1772 4308 non
1788 4258 1852 4334 spe
1868 4230 2077 4330 temporalis

477 4346 579 4420 lucri.
604 4379 621 4415 «
636 4352 703 4422 Per
717 4374 797 4422 eam
811 4349 933 4423 fidem.
948 4380 966 4420 a
987 4356 1105 4440 Quam
1114 4352 1191 4448 jam
1205 4353 1347 4428 habetis
1363 4379 1504 4428 mecum
1522 4377 1769 4447 communem,
1787 4352 1825 4427 id
1836 4366 1901 4443 est,
1921 4350 1966 4423 ad
1984 4374 2076 4424 con·

475 4464 673 4542 firmandos
686 4492 752 4541 vos
767 4469 806 4541 in
820 4494 863 4543 ea
879 4470 963 4563 lide,
979 4472 1146 4569 quaejam
1165 4472 1267 4546 vobis
1283 4473 1474 4573 praedicata
1489 4487 1556 4565 est,
1576 4497 1652 4545 non
1673 4472 1711 4545 in
1729 4472 1799 4545 alia
1822 4495 1932 4544 nova.
1951 4499 1969 4539 o
1987 4472 2076 4557 Quae

476 4600 530 4657 est
544 4586 713 4680 invicem,
725 4618 742 4657 n
754 4588 790 4660 id
802 4604 868 4681 est,
880 4615 989 4688 quam
1003 4591 1095 4663 inter
1111 4616 1179 4664 nos
1194 4592 1370 4666 habemus
1382 4617 1627 4683 communem,
1641 4592 1698 4664 vel
1708 4616 1787 4689 quae
1796 4589 1963 4664 omnium
1978 4613 2077 4662 com·

476 4710 597 4778 munis
613 4722 665 4780 est
683 4706 855 4781 fidelium.
877 4710 979 4782 Unde
995 4724 1031 4782 et
1047 4711 1231 4785 Catholica
1250 4712 1396 4806 dicitur,
1415 4713 1453 4786 id
1468 4727 1521 4786 est
1536 4709 1757 4800 universalis,
1774 4734 1851 4782 non
1867 4709 2005 4807 privata
2014 4722 2078 4780 aut

475 4824 718 4922 particularis,
739 4827 831 4900 sicut
846 4827 1109 4919 hereticorum,
1124 4856 1204 4930 quae
1220 4832 1258 4904 in
1272 4831 1394 4930 aliquo
1410 4857 1485 4906 esse
1501 4845 1620 4932 potest
1642 4846 1816 4904 terrarum
1833 4828 1981 4924 angulo,
1998 4850 2077 4899 non

476 4944 610 5042 ubique
627 4945 808 5020 dilatatur.
824 4950 916 5020 Cum
932 4947 1068 5042 subdit,
1095 4954 1294 5024 «Vestram
1315 4968 1422 5051 atque
1448 4975 1581 5042 meam,
1601 4980 1620 5020 n
1649 4948 1809 5022 ostendit
1823 4946 1934 5020 fidem
1958 4969 2075 5037 suam,

475 5087 556 5160 quae
573 5068 737 5139 omnium
755 5080 808 5140 est
821 5066 995 5162 fidelium,
1015 5083 1089 5142 tam
1101 5070 1263 5169 ipsorum
1281 5074 1526 5147 Romanorum
1540 5094 1651 5170 quam
1667 5068 1827 5167 Apostoli
1846 5091 1936 5142 esse.
1957 5070 2084 5139 Potest
