4559 6100
425 435 496 509 360
1026 435 1155 509 PETRI
1182 438 1419 513 sumtuum

425 588 579 683 ignarus,
605 599 641 656 et
658 582 876 683 praevidebat
896 609 976 682 quae
994 585 1092 659 bona
1116 586 1163 661 de
1184 587 1285 659 malis
1303 587 1379 682 ejus
1397 599 1488 658 esset
1506 587 1582 683 ipse
1606 584 1773 657 facturus.
1790 611 1809 650 u
1828 586 1918 655 item
1934 597 2015 681 post

424 706 543 803 aliqua
564 732 573 776 z
590 710 746 801 «Neque
768 704 864 776 enim
882 709 977 777 Deus
994 706 1126 794 ullum,
1149 731 1224 777 non
1242 706 1324 779 dico
1344 706 1553 801 angelorum
1570 703 1626 776 vel
1642 703 1833 776 hominum
1848 716 2011 787 creasset,

425 851 534 923 quem
551 823 686 896 malum
703 824 864 896 futurum
882 848 958 896 esse
980 827 1188 922 praescisset,
1209 825 1276 896 nisi
1295 825 1427 923 pariter
1444 837 1584 914 nosset,
1607 823 1738 920 quibus
1753 847 1817 895 eos
1832 821 2015 895 bonorum

425 944 548 1017 usibus
576 942 874 1016 commodaret.»
901 945 992 1015 Hinc
1017 958 1070 1017 est
1097 958 1132 1015 et
1156 944 1244 1015 illud
1268 944 1720 1033 Platonicum¹2010mne,
1750 941 1886 1037 inquit,
1916 940 2014 1037 quod

426 1063 596 1160 gignitur,
615 1062 795 1159 exaliqua
815 1085 921 1134 causa
942 1062 1140 1135 necessaria
1163 1064 1331 1158 gignitur.
1361 1062 1455 1134 Nihil
1477 1062 1573 1134 enim
1598 1059 1649 1145 iit,
1677 1061 1779 1157 cujus
1803 1073 1925 1132 ortum
1941 1084 2014 1131 non

426 1182 581 1278 legitima
595 1204 701 1253 causa
718 1197 754 1254 et
766 1182 856 1254 ratio
873 1180 1062 1278 praecedat.
1083 1209 1100 1249 n
1120 1185 1172 1251 Ex
1188 1205 1328 1255 summa
1346 1182 1467 1279 itaque
1483 1181 1542 1251 illa
1559 1179 1721 1252 bonitate
1737 1202 1800 1250 sua
1817 1181 1926 1268 Deus,
1944 1203 2016 1276 qua

421 1305 520 1399 juxta
540 1307 686 1401 Moysen
709 1318 838 1377 cuncta
862 1303 966 1376 valde
991 1303 1287 1404 bonacondidit,
1310 1319 1346 1377 et
1361 1304 1461 1401 juxta
1478 1304 1584 1376 etiam
1601 1303 1755 1376 Platonis
1768 1302 2013 1392 assertionem,

426 1424 580 1521 optimus
608 1424 683 1522 ipse
707 1424 871 1495 omnium
895 1422 1075 1511 conditor,
1101 1448 1121 1494 a
1148 1449 1221 1522 quo
1246 1422 1380 1495 invidia
1406 1423 1564 1519 relegata
1588 1421 1782 1516 longeest,
1809 1433 1938 1492 cuncta
1960 1422 2016 1491 sui

426 1542 569 1629 similia,
600 1556 710 1640 prout
739 1543 914 1640 cujusque
940 1556 1067 1614 natura
1090 1567 1204 1641 capax
1229 1542 1459 1613 beatitudinis
1480 1565 1556 1612 esse
1580 1554 1733 1637 poterat,
1761 1537 1852 1611 effici
1877 1540 2014 1611 voluit:

425 1662 550 1732 volens
563 1662 592 1731 si
609 1661 757 1758 quidem
771 1666 867 1732 Deus
883 1660 982 1733 bona
997 1661 1145 1756 quidem
1161 1661 1289 1746 omnia,
1299 1661 1502 1759 provenire,
1521 1660 1605 1730 maii
1620 1682 1730 1756 porro
1745 1658 1888 1743 nuliius,
1909 1673 2016 1755 prout

426 1803 552 1851 eorum
578 1804 657 1877 quae
682 1793 880 1852 nascuntur
904 1794 1032 1853 natura
1057 1781 1147 1872 sert,
1179 1780 1321 1877 reliquit
1343 1780 1598 1877 propaginem,
1627 1802 1693 1849 nec
1719 1776 1771 1849 ias
1797 1778 1841 1848 sit
1866 1774 2016 1849 bonitati

429 1901 604 1995 praestanti
627 1898 827 1995 quidquam
843 1900 971 1989 iacere,
988 1900 1056 1971 nisi
1073 1898 1368 1997 pulcherrimum.
1398 1903 1448 1969 Ex
1463 1898 1544 1987 hac,
1564 1898 1725 1994 inquam,
1743 1909 1843 1968 tanta
1859 1893 2019 1967 bonitate

429 2042 493 2089 sua
519 2022 628 2102 Deus,
652 2042 724 2114 qua
748 2019 886 2114 singula
905 2033 1080 2114 quantum
1099 2031 1216 2117 potest
1239 2033 1274 2091 et
1299 2018 1402 2090 decet
1424 2017 1521 2089 bona
1541 2016 1663 2108 efficit,
1689 2039 1731 2088 ac
1751 2014 1844 2087 bene
1861 2014 2019 2112 disponit

324 2225 328 2233 Δ
427 2136 535 2208 etiam
557 2137 653 2230 mala
666 2138 836 2209 altissimo
857 2163 924 2210 suo
948 2154 984 2211 et
1001 2136 1353 2235 incomprehensibili
1378 2135 1483 2210 nobis
1498 2136 1664 2223 consilio,
1686 2136 1838 2233 Spiritus
1860 2149 2017 2225 sanctus,

428 2271 596 2356 utsupra
620 2257 863 2347 meminimus,
888 2260 962 2357 ipse
989 2272 1041 2329 est
1064 2256 1273 2355 appellatus.
1293 2257 1376 2329 Tale
1399 2272 1451 2330 est
1468 2280 1554 2354 ergo
1578 2270 1649 2327 tres
1672 2279 1856 2354 personas,
1883 2255 1954 2326 hoc
1970 2268 2022 2326 est

430 2379 568 2447 Patrem
586 2390 622 2447 et
640 2376 768 2448 Filium
784 2391 818 2447 et
840 2378 1013 2475 Spiritum
1033 2392 1198 2449 sanctum
1222 2378 1259 2448 iu
1283 2376 1467 2449 divinitate
1485 2375 1662 2467 confiteri,
1687 2399 1729 2446 ac
1749 2376 1778 2446 si
1800 2398 2022 2447 commemo·

429 2518 587 2566 raremus
615 2494 776 2566 divinam
803 2498 1000 2586 Potentiam
1026 2511 1280 2593 generantem,
1316 2496 1475 2567 divinam
1503 2495 1720 2593 Sapientiam
1748 2494 1925 2589 genitam,
1963 2493 2023 2563 di-

431 2615 550 2686 vinam
568 2615 823 2709 Benignitatem
841 2614 1110 2712 procedentem.
1129 2618 1177 2685 Ut
1193 2614 1249 2685 his
1262 2613 1426 2687 videlicet
1442 2615 1555 2686 tribus
1569 2614 1872 2698 commemoratis,
1892 2614 2019 2683 summi

429 2734 518 2802 Boni
547 2732 716 2830 perfectio
743 2733 967 2830 praedicetur,
997 2758 1079 2805 cum
1106 2733 1272 2806 videlicet
1294 2735 1370 2832 ipse
1393 2740 1488 2807 Dens
1513 2750 1548 2806 et
1574 2759 1714 2806 summe
1740 2747 1879 2831 potens,
1909 2730 1944 2801 id
1969 2745 2021 2802 est

430 2853 679 2947 omnipotens,
711 2865 746 2922 et
772 2875 911 2922 summe
936 2852 1090 2950 sapiens,
1119 2867 1155 2924 et
1181 2878 1321 2925 summe
1348 2853 1523 2951 benignus
1550 2853 1758 2925 ostenditur.
1789 2855 1841 2922 De
1861 2850 2023 2946 genitura

432 2983 551 3041 autem
578 2969 786 3066 hujusmodi
811 2995 874 3042 seu
902 2972 1131 3070 processione
1160 2973 1195 3043 in
1223 2971 1473 3071 sequentibus,
1503 2986 1611 3073 prout
1640 2973 1856 3071 poterimus,
1884 2984 1921 3040 et
1946 2970 2022 3068 ipse

433 3091 610 3162 Dominus
631 3093 808 3179 annuerit,
829 3093 941 3163 immo
966 3094 1076 3190 gratia
1093 3118 1156 3165 sua
1181 3092 1332 3186 dederit,
1358 3093 1492 3190 aliquid
1515 3119 1580 3193 per
1596 3115 1841 3190 quascumque
1862 3090 2025 3163 similitu·

432 3209 534 3281 dines
552 3211 729 3307 assignare
750 3211 977 3285 tentabimus.
1006 3217 1046 3284 ln
1072 3213 1127 3285 his
1152 3214 1271 3311 itaque
1297 3212 1425 3308 tribus,
1458 3214 1621 3286 Potentia
1645 3211 1792 3300 scilicet,
1825 3209 2022 3307 Sapientia,

433 3329 665 3425 Benignitate,
683 3344 759 3402 tota
784 3332 873 3402 Boni
889 3332 1061 3430 perfectio
1076 3333 1251 3424 consistit,
1279 3357 1320 3405 ac
1339 3331 1673 3432 parvipendendum
1696 3347 1748 3402 est
1764 3327 1940 3427 quidlibet
1959 3326 2024 3398 ho·

432 3470 512 3519 rum
537 3449 613 3519 sine
640 3448 784 3521 duobus
807 3451 896 3523 aliis.
914 3451 983 3538 Qui
1008 3453 1105 3523 enim
1125 3466 1255 3550 potens
1280 3466 1346 3542 est,
1372 3454 1402 3524 si
1427 3450 1465 3523 id
1488 3450 1589 3548 quod
1611 3464 1731 3547 potest
1749 3449 1849 3544 juxta
1875 3445 2025 3518 modum

432 3566 581 3638 rationis
599 3567 802 3639 conducere
817 3570 943 3659 nescit,
963 3570 1111 3642 exitialis
1129 3594 1172 3643 ac
1186 3571 1387 3666 peruiciosa
1404 3570 1479 3665 ejus
1498 3571 1670 3668 potentia.
1693 3570 1729 3639 Si
1748 3581 1869 3640 autem
1886 3565 2027 3663 sapiens

432 3686 477 3754 sit
496 3699 533 3755 et
548 3684 722 3757 discretus
743 3688 780 3757 in
798 3688 952 3784 agendo,
971 3688 1035 3758 sed
1051 3689 1199 3758 minime
1214 3689 1339 3785 possit,
1353 3687 1513 3760 efficacia
1527 3703 1638 3761 caret.
1659 3693 1702 3760 Et
1722 3687 1752 3758 si
1770 3690 1876 3758 etiam
1900 3698 2027 3783 potens

435 3803 479 3873 sit
496 3816 532 3873 et
548 3803 701 3900 sapiens,
721 3805 783 3876 sed
802 3830 1029 3903 nequaquam
1046 3805 1234 3901 benignus,
1254 3819 1354 3879 tanto
1370 3806 1416 3879 ad
1432 3808 1638 3880 nocendum
1656 3807 1695 3878 irt
1711 3807 1873 3904 pronior,
1892 3817 2026 3900 quanto

434 3945 476 3992 ex
505 3923 666 4018 potentia
692 3937 728 3996 et
759 3926 887 3997 astutia
911 3949 975 3998 sua
1004 3927 1049 3998 ad
1076 3925 1306 3998 efficiendum
1331 3927 1431 4025 quod
1458 3928 1532 4000 vult
1551 3943 1604 4000 est
1628 3928 1804 4015 securior,
1833 3948 1900 3996 nec
1929 3948 2028 4022 spem

434 4038 695 4114 beneficiorum
715 4067 863 4115 suorum
882 4046 1010 4116 ceteris
1026 4059 1180 4143 prestat,
1199 4049 1261 4144 qui
1275 4046 1505 4144 benignitatis
1527 4048 1657 4120 affectu
1673 4071 1747 4118 non
1767 4056 2025 4117 commovetur.

436 4164 475 4230 in
499 4183 573 4256 quo
595 4175 715 4232 autem
731 4162 806 4234 haec
827 4163 894 4236 tria
917 4180 1150 4259 concurrunt,
1175 4182 1216 4237 ut
1231 4167 1395 4240 videlicet
1413 4183 1448 4238 et
1466 4168 1578 4267 possit
1598 4168 1746 4266 implere
1766 4189 1845 4262 quae
1864 4162 2027 4243 voluerit,

435 4295 470 4351 et
490 4278 584 4351 bene
603 4282 700 4374 velit,
727 4297 852 4381 utpote
867 4282 1055 4381 benignus,
1075 4310 1142 4357 nec
1167 4285 1296 4359 exinde
1323 4288 1495 4387 sapientia
1521 4285 1673 4358 modum
1699 4286 1846 4357 rationis
1868 4279 2026 4368 excedat,

435 4422 518 4511 eum
537 4398 699 4496 proiecto
721 4427 803 4474 vere
820 4403 959 4475 bonum
984 4428 1059 4476 esse
1075 4419 1112 4476 et
1131 4406 1168 4476 iu
1192 4406 1361 4478 omnibus
1377 4407 1575 4505 perfectum
1598 4420 1749 4495 constat,
1770 4418 1877 4502 atque
1899 4402 1934 4471 in
1953 4399 2030 4494 ejus

435 4519 608 4615 regimine
624 4537 754 4593 cuncta
773 4548 852 4620 quae
869 4526 1005 4622 optime
1021 4524 1197 4617 condidit,
1217 4528 1352 4624 optime
1367 4527 1573 4599 conservari
1593 4553 1601 4596 ε
1622 4526 1755 4623 quippe
1772 4525 1833 4621 qui
1851 4537 1887 4593 et
1903 4520 2027 4619 possit,

435 4653 471 4709 et
487 4639 585 4731 sciat,
604 4654 639 4710 et
654 4640 750 4712 velit.
768 4642 876 4734 ⁴Unde
899 4668 972 4716 non
990 4646 1108 4717 soium
1121 4638 1196 4718 haec
1213 4647 1390 4718 Trinitatis
1414 4646 1597 4719 distinctio
1622 4644 1669 4718 ad
1690 4644 1821 4716 summi
1850 4640 1937 4713 Boni
1954 4663 2031 4738 per-

436 4756 626 4831 fectionem
650 4758 924 4835 describendam
947 4767 1130 4859 convenit,
1158 4791 1283 4839 verum
1311 4767 1416 4840 etiam
1444 4765 1489 4842 ad
1514 4763 1801 4864 persuadendam
1822 4757 2032 4833 bominibus

469 5037 473 5062 ¹
489 5033 519 5085 In
533 5035 632 5086 Timaeo.
653 5075 655 5079 .
