4559 6100
631 580 913 652 lNTRODUCTlO
939 580 999 651 ΑΙ)
1025 580 1316 652 THEOLOGlAll.

685 1030 1028 1109 inuuuuutuu
1066 1030 1260 1109 OPERIS.

220 1370 331 1429 Primus
351 1368 406 1428 iste
430 1368 503 1429 liber
515 1367 680 1447 Theologite
699 1364 829 1426 breviter
842 1362 1062 1445 comprehendit
1076 1385 1220 1426 summam
1239 1367 1327 1425 totius
1341 1365 1471 1445 praedicti
1482 1370 1643 1441 Tractatus,
1659 1368 1689 1427 in
1703 1368 1771 1427 Fide

143 1520 147 1527 .
186 1461 303 1534 scilicet,
318 1473 349 1521 et
364 1461 501 1537 Caritate,
516 1475 547 1522 et
561 1459 763 1522 Sacramentis.
775 1458 853 1533 Quid
866 1458 903 1518 sit
915 1458 999 1519 Fides
1011 1505 1019 1530 ‚
1032 1458 1104 1537 quid
1126 1461 1216 1538 Spes,
1230 1458 1302 1536 quid
1315 1459 1441 1535 Caritas,
1454 1458 1526 1537 quid
1542 1461 1769 1521 Sacramentum.

186 1552 331 1633 Quomodo
344 1554 463 1633 proprie
476 1555 539 1614 sive
552 1550 712 1633 improprie
727 1550 811 1611 Fides
831 1550 953 1612 dicatur.
965 1553 1036 1626 Quae
1052 1552 1088 1610 sit
1103 1550 1188 1611 Fides
1205 1549 1361 1611 catholiea.
1380 1551 1488 1610 Positio
1502 1552 1649 1610 senteutiae
1661 1551 1697 1610 de
1715 1552 1771 1610 lide

186 1660 282 1707 unctae
297 1646 454 1718 Trinitatis,
467 1647 529 1706 sive
538 1647 665 1706 unitatis.
676 1647 773 1719 Quare
785 1644 864 1705 solus
879 1648 964 1703 Pater
977 1643 1089 1703 dicatur
1100 1643 1256 1723 ingenitus.
1272 1642 1349 1718 Quid
1364 1642 1434 1702 velit
1447 1642 1593 1705 distinctio
1608 1645 1695 1702 trium
1706 1664 1772 1724 per·

185 1759 315 1799 sonarum
327 1740 359 1798 in
374 1758 434 1797 una
447 1738 605 1800 divinitatis
620 1737 754 1798 essentia.
769 1736 855 1813 Quod
876 1735 1020 1796 vocabulo
1038 1737 1130 1796 Patris
1149 1735 1249 1794 divina
1268 1735 1397 1815 potentia
1409 1736 1572 1814 specialiter
1592 1737 1769 1816 designetur.

184 1836 276 1907 Quare
288 1842 378 1910 opera
388 1832 476 1891 trium
491 1850 679 1912 personarum
691 1829 817 1893 indivisa
827 1828 970 1889 dicantur.
987 1828 1073 1903 Quod
1087 1831 1206 1888 nomine
1220 1828 1286 1888 Filii
1296 1848 1348 1888 seu
1360 1826 1449 1888 Verbi
1460 1828 1559 1889 divina
1569 1827 1710 1907 sapientia
1721 1849 1772 1888 ex·

186 1925 330 2001 primitur.
353 1924 439 1998 Quod
458 1924 581 2004 Spiritus
593 1934 709 1983 unctus
721 1921 827 1981 divium
840 1921 966 1983 caritatis
983 1920 1096 1981 bouitas
1114 1921 1287 2001 appelletur.
1310 1920 1485 1981 Testimouia
1506 1919 1715 2000 Prophetarum
1736 1923 1772 1980 de

184 2016 325 2076 Trinitate.
337 2016 512 2076 Testimonia
526 2015 780 2094 Philosophorum.

219 2159 368 2219 Secundus
392 2158 469 2220 liber
488 2158 653 2240 Theologiae
670 2158 786 2219 dissmu
802 2177 839 2218 ea
856 2177 922 2236 quae
940 2158 976 2219 de
990 2159 1129 2221 Trimtate
1148 2159 1259 2238 primus
1276 2157 1350 2218 liber
1363 2157 1529 2237 proposuit,
1545 2158 1624 2219 etad
1640 2160 1770 2218 testimo-

185 2251 293 2311 niorum
305 2253 504 2313 auctoritatem
513 2252 710 2334 intelligentiae
725 2251 908 2310 commendat
924 2251 1076 2312 rationem.

219 2397 332 2457 Tertius
346 2396 421 2457 liber
435 2397 616 2477 superposite
628 2396 809 2479 replicando,
822 2395 988 2477 diligendus
999 2397 1036 2457 de
1048 2396 1190 2476 potentia,
1200 2410 1228 2455 et
1237 2395 1378 2474 sapientia
1386 2396 1452 2467 Dei,
1467 2409 1496 2455 et
1510 2394 1652 2469 bonitate,
1666 2397 1697 2455 in
1706 2416 1773 2474 qua·

185 2488 232 2547 bus
243 2488 368 2549 Trinitas
378 2488 516 2562 consistit,
525 2489 684 2569 perfectius
690 2489 809 2568 inquirit
819 2508 853 2549 ac
865 2488 989 2549 dissent.

690 3200 906 3332 arcuit
954 3193 1256 3320 paruus.

225 3577 305 3646 Tria
321 3590 418 3667 sunt,
434 3592 475 3651 ut
487 3577 656 3668 arbitror,
673 3575 856 3675 inquibus
872 3575 1038 3650 humanae
1051 3573 1177 3651 adutis
1199 3598 1339 3649 summa
1359 3576 1533 3664 consistit,
1551 3575 1653 3648 Fides
1668 3576 1772 3647 vide-

183 3693 273 3786 licet,
291 3696 440 3786 Caritas,
453 3712 489 3769 et
502 3699 783 3772 Sacramentum.
796 3698 905 3795 Spem
918 3711 1038 3772 autem
1056 3697 1094 3769 iu
1111 3693 1196 3784 fide,
1216 3709 1388 3792 tanquam
1401 3695 1560 3794 speciem
1575 3695 1613 3766 in
1628 3718 1770 3791 genere,

182 3813 439 3911 comprehendi
461 3816 636 3890 existimo.
661 3818 723 3888 Est
749 3815 883 3915 quippe
908 3814 997 3888 lides
1023 3809 1239 3887 existimatio
1258 3840 1380 3887 rerum
1408 3839 1483 3887 non
1509 3815 1771 3913 apparentium,

182 3929 250 4003 hcc
267 3931 491 4006 estsensibus
506 3934 670 4034 corporis
682 3959 758 4007 nou
771 3934 1057 4031 subjacentium
1072 3959 1153 4033 spes
1170 3958 1270 4027 vero,
1286 3935 1503 4033 exspectatio
1516 3932 1662 4028 aliquod
1679 3958 1775 4006 com·

182 4048 331 4122 modum
339 4049 574 4150 adipiscendi,
587 4052 734 4150 quando
748 4049 915 4140 videlicet
930 4054 1010 4149 quis
1024 4052 1139 4125 credit
1155 4076 1194 4123 sc
1210 4050 1356 4149 aliquod
1373 4051 1512 4124 bonum
1530 4067 1773 4124 assecuturum

181 4190 270 4240 esse.
286 4168 479 4269 Futitaque
493 4169 584 4245 fides
597 4185 672 4246 tam
688 4169 870 4245 bonarum
880 4194 991 4268 quam
1002 4171 1178 4244 malarum
1196 4194 1330 4257 rerum,
1346 4183 1382 4242 et
1395 4184 1468 4244 tam
1480 4169 1528 4242 de
1541 4169 1775 4269 praesentibus

181 4288 235 4359 vel
249 4288 448 4386 praeteritis,
467 4313 577 4387 quam
588 4290 728 4380 futuris,
745 4291 840 4363 sicut
854 4291 892 4362 in
906 4290 1083 4388 principio
1094 4287 1327 4360 Enulu‘ridion
1343 4289 1470 4361 beatus
1484 4287 1627 4362 disserit
1643 4293 1775 4384 hugus·

180 4404 307 4478 tinus¹.
325 4408 415 4505 Spes
429 4422 551 4481 autem
565 4407 612 4482 de
627 4407 734 4482 bonis
750 4423 803 4482 cst
818 4422 959 4486 tantum
974 4407 1070 4480 etde
1084 4406 1224 4482 suturis.
1244 4407 1468 4504 Exspectatio
1479 4407 1614 4505 quippe
1626 4405 1776 4479 alicttim

180 4522 404 4598 incommodi
429 4550 505 4599 uon
526 4542 601 4599 tam
625 4551 707 4625 spes
729 4524 881 4600 dicenda
906 4540 958 4600 est
984 4549 1094 4623 quam
1119 4524 1340 4623 desperatio,
1359 4524 1432 4598 hoc
1459 4538 1512 4596 est
1535 4523 1734 4598 diffidentia
1755 4551 1776 4597 a
1880 4543 1883 4550 ·

179 4639 294 4716 hono.
314 4644 451 4717 Caritas
464 4670 551 4718 vero
569 4660 623 4718 est
645 4670 749 4718 amor
764 4645 959 4737 honestus,
977 4644 1039 4743 qui
1056 4643 1103 4716 ad
1111 4667 1203 4722 eum
1221 4642 1385 4720 videlicet
1406 4642 1515 4717 finem
1534 4643 1710 4741 dirigittu,
1729 4646 1775 4720 ad

179 4785 288 4857 quem
302 4778 447 4861 oportet
461 4791 471 4834 ι
487 4766 580 4838 sicut
594 4790 615 4837 e
630 4763 813 4842 mutuatio
827 4762 1017 4863 cupiditas,
1032 4786 1135 4834 amor
1152 4760 1364 4835 inhonestus
1374 4786 1418 4838 ac
1431 4764 1544 4864 turpis
1559 4763 1786 4863 appellatur?

180 4886 290 4954 Amor
304 4906 393 4955 aero
408 4896 463 4957 est
486 4882 585 4958 bona
603 4906 687 4978 erga
702 4882 854 4958 alteratur
868 4882 987 4979 ipsum
1002 4881 1190 4972 voluutas,
1204 4904 1277 4978 qua
1292 4881 1457 4958 videlicet
1472 4896 1656 4980 optamus,
1676 4895 1714 4951 ut
1729 4905 1773 4952 eo
1882 4921 1886 4930 ·

213 5147 219 5176 ¹
237 5147 315 5211 opp„
330 5158 347 5198 e
362 5147 404 5210 Vl,
416 5151 464 5201 col.
476 5154 532 5203 tat.
