4559 6100
728 551 771 625 ΙΝ
796 554 1040 630 EPlSTOLAM
1065 558 1126 633 ΑΙ)
1151 558 1375 634 ROMANOS.
1506 657 1512 666 '
1771 556 1843 631 293

250 689 311 784 jor
332 714 409 764 esse
435 718 572 770 merces
590 703 832 797 cognoscitur,
858 708 970 802 magis
991 731 1286 807 unumquemque
1308 709 1515 782 naturaliter
1532 732 1599 779 suo
1625 708 1733 781 allicit
1755 709 1845 783 desi·

253 808 375 903 deno,
406 818 600 912 prasertim
621 843 704 894 cum
730 823 776 895 ad
798 824 912 922 ipsam
938 826 1172 900 obtinendam
1194 829 1271 901 sola
1295 827 1462 916 sufficiat,
1492 827 1680 924 multoque
1712 829 1842 903 minori

252 928 412 1027 impensa
429 934 485 1006 vel
501 937 634 1011 sudore
641 965 703 1013 seu
714 941 918 1017 discrimine
933 946 980 1019 ab
995 947 1165 1019 omnibus
1175 948 1354 1046 perveniri
1366 948 1615 1046 possit,·quam
1624 945 1671 1018 ad
1684 951 1843 1046 acquina

254 1050 389 1122 tionem
404 1067 630 1129 terrenorum
644 1084 850 1157 regnorum.
865 1064 917 1137 ad
927 1065 1144 1139 desiderium
1159 1068 1280 1166 itaque
1292 1081 1455 1139 nostrum
1465 1067 1502 1139 in
1512 1071 1630 1139 Deum
1638 1067 1844 1142 accendens

252 1167 352 1259 dum,
371 1186 407 1243 et
423 1173 469 1245 ad
486 1199 636 1271 regnum
651 1181 793 1254 coeleste
809 1185 1154 1284 concupiscendum,
1174 1211 1283 1283 quam
1301 1186 1426 1285 praeire
1446 1187 1595 1283 gratiam
1615 1209 1757 1258 necesse
1775 1203 1840 1276 est,

251 1289 316 1360 nisi
332 1305 370 1361 ut
384 1291 572 1368 beatitudo
587 1299 659 1388 illa,
676 1300 722 1372 ad
739 1327 849 1399 quam
868 1329 936 1377 nos
947 1306 1086 1395 invitat,
1106 1321 1142 1378 et
1158 1307 1214 1380 via
1230 1330 1301 1404 qua
1317 1307 1503 1405 pervenire
1519 1305 1709 1405 possimus,
1732 1331 1842 1406 expo·

250 1421 355 1482 natur
371 1427 480 1510 atque
495 1416 681 1491 tradatur?
695 1424 795 1497 Hanc
811 1438 930 1496 autem
946 1426 1095 1521 gratiam
1108 1441 1182 1498 tam
1199 1425 1362 1526 reprobis
1372 1426 1447 1523 ipse
1456 1449 1565 1522 quam
1577 1424 1698 1497 electis
1711 1427 1843 1522 pariter

248 1526 425 1626 impertit,
454 1549 625 1634 utrosque
650 1539 815 1615 videlicet
838 1542 885 1615 de
912 1544 985 1618 hoc
1012 1546 1223 1619 instruendo
1250 1545 1444 1641 aequaliter,
1476 1558 1516 1616 nt
1535 1569 1578 1617 ex
1604 1543 1732 1618 eadem
1758 1545 1841 1619 fidet

248 1650 374 1743 gratia,
392 1676 499 1748 quarn
518 1678 767 1757 perceperunt,
782 1663 872 1736 alius
890 1662 937 1736 ad
955 1662 1053 1737 bona
1070 1690 1180 1763 opera
1199 1666 1377 1757 incitetur,
1405 1664 1495 1737 alius
1521 1689 1587 1762 per
1610 1666 1764 1763 torporis
1786 1669 1839 1738 sui

247 1770 498 1868 negligentiam
512 1777 759 1853 inexcusabilis
776 1782 958 1856 reddatur.
975 1789 1056 1857 Haec
1071 1786 1190 1883 itaque
1202 1783 1290 1856 fides
1306 1809 1384 1881 qnae
1398 1785 1433 1856 in
1447 1783 1517 1855 isto
1533 1808 1598 1881 per
1610 1783 1839 1858 dilectionem

247 1906 429 1988 operatur,
450 1895 487 1966 in
509 1896 570 1970 illo
592 1898 688 1971 iners
705 1916 740 1972 et
757 1903 874 2000 segnis
896 1917 1013 2001 atque·
1029 1906 1145 1977 otiosa
1172 1919 1288 1994 vacat,
1312 1904 1420 2001 gratia
1442 1903 1507 1975 Dei
1531 1916 1584 1974 est
1607 1927 1686 2001 quae
1710 1929 1841 1976 unum-

246 2024 425 2109 quemque
442 2013 594 2088 electum
612 2022 794 2116 praevenit,
826 2038 866 2094 ut
888 2022 981 2095 bene
1010 2023 1100 2124 νῦε
1125 2024 1283 2122 incipiat,
1310 2047 1352 2095 ac
1375 2047 1498 2095 rursus
1523 2020 1629 2094 bonan
1648 2024 1839 2096 voluntatis

246 2130 433 2205 exordium
445 2134 686 2234 subsequitur,
708 2155 746 2211 ut
761 2140 927 2215 voluntas
944 2144 1021 2242 ipsa
1037 2158 1258 2242 perseveret:
1272 2166 1493 2215 necnecesse
1507 2156 1560 2214 est
1575 2156 1613 2213 ut
1626 2166 1691 2240 per
1700 2143 1838 2241 singula

246 2274 325 2347 quae
347 2252 507 2348 quotidie
533 2280 627 2328 nova
650 2259 850 2332 succedunt
873 2286 997 2360 opera,
1026 2263 1130 2335 aliam
1151 2266 1248 2335 Dens
1273 2264 1421 2359 gratiam
1440 2262 1708 2361 praeteripsam
1728 2260 1837 2335 fidem

246 2388 421 2468 exponat,
441 2399 514 2471 qua
531 2376 694 2449 videlicet
712 2378 892 2453 credimus
916 2407 982 2481 pro
1009 2382 1081 2454 boc
1101 2382 1202 2480 quod
1226 2383 1375 2455 facimus
1399 2395 1538 2454 tanturn
1563 2404 1630 2452 nos
1648 2382 1837 2478 praemium

244 2490 449 2590 adepturos.
470 2498 558 2566 Nam
573 2510 608 2568 et
625 2499 870 2593 negociatores
886 2501 994 2573 seculi
1008 2526 1092 2573 cum
1108 2515 1160 2573 tot
1178 2516 1214 2573 et
1231 2514 1349 2574 tantos
1366 2501 1563 2573 sustineant
1584 2497 1737 2590 labores,
1761 2526 1835 2575 una

243 2635 305 2708 spe
323 2614 497 2687 mercedis
516 2630 678 2706 terrena,
693 2643 801 2716 quam
819 2619 866 2692 ab
881 2621 983 2692 initio
999 2634 1256 2719 conceperunt,
1282 2621 1405 2692 omnia
1432 2619 1596 2709 tolerant,
1623 2632 1658 2691 et
1681 2644 1763 2691 cum
1786 2621 1835 2694 di·

244 2755 343 2803 versa
373 2751 581 2832 operentur,
612 2761 686 2809 nou
714 2738 853 2812 diversa
881 2765 945 2838 spe
972 2739 1017 2812 ad
1054 2740 1114 2812 illa
1143 2754 1411 2838 permoventur,
1440 2739 1502 2812 sed
1534 2762 1607 2811 una
1640 2753 1675 2810 et
1706 2739 1833 2814 eadem

243 2850 443 2927 trahuntur.
954 2887 957 2894 ·

292 3002 308 3041 a
322 2975 471 3062 Quodsi
487 2977 624 3053 volens.
641 3011 659 3051 n
674 2983 841 3056 Ostendit
856 2983 1045 3083 Apostolus
1063 3007 1225 3080 congrua
1243 2982 1476 3057 similitudine
1495 2979 1643 3053 inducta
1660 2976 1833 3077 de‘figulo

241 3095 356 3165 Deum
373 3106 598 3195 nequaquam
618 3102 754 3198 injuriae
770 3105 870 3201 argui
888 3118 1005 3202 posse,
1021 3104 1050 3175 si
1066 3102 1245 3200 aliquibus
1262 3104 1411 3199 gratiam
1428 3101 1517 3174 nolit
1532 3099 1632 3192 dare,
1644 3125 1709 3199 per
1724 3125 1833 3198 quarn

241 3213 431 3308 salventur,
449 3218 551 3309 sicuti
570 3221 748 3296 Pharaoni
764 3223 820 3296 vel
838 3229 941 3314 Esau,
959 3222 1147 3319 dequibus
1164 3221 1318 3319 objectio
1335 3221 1524 3320 praecessit.
1553 3223 1657 3290 Nunc
1677 3243 1763 3290 vero
1785 3222 1831 3291 ad

239 3334 352 3430 ipsam
365 3337 431 3408 Dei
448 3340 802 3414 commendationem
818 3344 994 3415 convertit
1010 3341 1080 3413 hnc
1096 3342 1216 3439 ipsum
1234 3339 1332 3437 quod
1346 3339 1392 3411 de
1409 3339 1460 3410 eis
1475 3351 1598 3411 actum
1618 3351 1692 3425 est,
1711 3351 1831 3409 osten·

240 3452 360 3526 dendo
379 3457 511 3531 scilicet
530 3462 646 3532 Deum
665 3460 777 3534 multa
798 3462 969 3559 patientia
984 3485 1049 3533 sua
1074 3461 1247 3532 malitiam
1272 3457 1465 3530 Pharaonis
1489 3455 1696 3527 sustinuisse
1718 3467 1757 3525 ut
1779 3481 1830 3528 re

238 3574 432 3670 sipisceret,
451 3593 581 3651 etcum
598 3580 699 3651 illum
715 3580 994 3676 incorrigibilem
1010 3580 1161 3651 omnino
1174 3590 1405 3649 monstrasset
1417 3575 1551 3648 malitia
1563 3571 1830 3669 ejus,jvindicta

237 3691 285 3763 ad
301 3718 532 3771 communem
549 3699 700 3772 aliorum
719 3699 906 3772 utilitatem
921 3701 1056 3798 optime
1080 3723 1185 3770 usum
1200 3698 1318 3789 luisse,
1339 3709 1379 3767 ut
1400 3692 1566 3767 videlicet
1589 3692 1830 3792 populus;ille

237 3812 418 3906 liberatus,
439 3817 476 3889 id
492 3834 545 3891 est
561 3820 704 3891 ludaeus
717 3821 791 3892 sive
806 3821 991 3892 universus
1008 3819 1166 3891 mundus
1181 3818 1250 3890 hoc
1267 3817 1429 3907 audiens,
1450 3816 1580 3887 timore
1603 3812 1727 3886 saltem
1750 3839 1828 3912 poe·

229 3938 365 4006 ¹narum
383 3959 405 4008 a
421 3936 515 4010 malo
530 3952 817 4029 coerceretur,'et
831 3938 877 4010 ad
892 3938 1031 4011 bonum
1042 3939 1264 4011 invitaretur.
1276 3936 1522 4009 Continuatio.
1537 3934 1636 4006 Sicut
1646 3947 1828 4005 ostensum

227 4070 302 4153 est,
326 4078 399 4127 non
421 4070 475 4128 est
497 4058 699 4155 arguendus
721 4058 856 4156 injuriae
874 4061 982 4148 Deus,
1011 4059 1041 4129 si
1060 4057 1336 4156 quibuscunque
1355 4055 1440 4128 velit
1454 4055 1602 4151 gratiam
1627 4076 1727 4125 suam
1752 4042 1827 4135 nnn

226 4172 497 4272 conlerat‚·.qu'a
513 4176 706 4250 salventur.
724 4183 845 4275 Neque
868 4191 905 4249 tu
930 4176 1056 4262 horno,
1084 4178 1147 4273 qui
1177 4180 1292 4248 Deum
1314 4176 1478 4275 primitus
1506 4172 1692 4270 arguebas,
1717 4171 1828 4244 habes

223 4292 320 4388 quid
339 4292 481 4365 adeum
497 4295 716 4395 respondeas
732 4295 778 4368 de
796 4296 960 4395 praesenti
975 4296 1208 4368 similitudine
1220 4296 1379 4394 pulsatus
1388 4322 1398 4384 ;
1409 4292 1597 4365 sedmulto
1605 4291 1717 4387 magis
1731 4289 1828 4363 unde

225 4437 253 4482 u
267 4436 305 4483 m
322 4412 470 4502 laudes3
490 4440 575 4487 cum
593 4417 630 4488 in
645 4416 701 4489 bis
717 4418 841 4509 etiam,
861 4417 898 4488 in
915 4415 1048 4514 quibus
1064 4415 1127 4488 tibi
1151 4416 1305 4488 maxime
1322 4412 1475 4485 crudelis
1499 4411 1651 4503 videtur,
1679 4410 1757 4507 ejus
1782 4411 1827 4482 sit

217 4530 478 4606 misericordia
491 4534 732 4632 praedi'canda.
747 4538 791 4607 Et
803 4534 874 4607 hoc
885 4549 952 4628 est,
970 4536 1108 4626 «Quod
1122 4536 1154 4608 si
1165 4535 1289 4607 volens
1299 4538 1396 4605 Deus
1409 4531 1597 4606 ostendere
1610 4532 1713 4603 iram.
1727 4558 1744 4596 >r
1755 4528 1825 4619 Sed

210 4649 317 4747 quid
329 4652 547 4751 respondeas
556 4654 737 4727 veldieere
747 4655 893 4753 poteris,
902 4656 1069 4754 cumipse
1076 4655 1113 4726 in
1124 4654 1195 4726 ho'c
1202 4651 1301 4751 quod
1310 4652 1355 4724 de
1364 4651 1662 4723 Pharaonelecitu
1672 4648 1796 4725 volens
1803 4675 1822 4713 »

204 4769 269 4842 ad
290 4769 381 4842 alios
393 4772 523 4870 impios
534 4772 781 4865 deterrendos,
796 4803 813 4839 α
827 4774 1015 4846 ostendere
1025 4776 1114 4846 iram
1124 4798 1240 4866 suam,
1259 4770 1325 4843 »id
1337 4785 1389 4843 est
1400 4771 1594 4844 vindictam
1604 4792 1712 4867 qnam
1722 4789 1824 4887 eaer-

199 4895 279 4963 'cet
295 4886 335 4960 in
348 4890 480 4989 impiis,
490 4905 526 4964 et
535 4894 733 4991 potentiam
743 4913 845 4964 suam
862 4893 899 4964 in
917 4892 1096 4965 miraculis
1113 4917 1193 4990 quae
1209 4891 1291 4962 fecit
1305 4904 1378 4963 tam
1390 4890 1426 4961 in
1438 4889 1550 4987 plagis
1562 4886 1823 4985 AEgyptiquam

194 5012 244 5082 in
270 5008 531 5084 submersione
549 5014 810 5110 AEgyptiorum,
831 5013 1030 5084 «sustinuit
1048 5012 1085 5084 in
1105 5011 1219 5085 multa
1239 5010 1422 5110 patientia,
1434 5036 1452 5076 »
1471 5007 1508 5079 id
1525 5021 1578 5079 est
1593 5000 1822 5104 permultam

191 5153 331 5203 suam
349 5129 557 5227 patientiam
575 5161 592 5200 u
608 5154 691 5203 vasa
709 5131 780 5222 irae,
796 5162 813 5196 »
824 5131 922 5204 idest
932 5131 998 5205 diu
1009 5132 1173 5206 toleravit
1187 5131 1330 5229 iniquos
1341 5128 1436 5219 illos,
1447 5151 1530 5200 cum
1541 5126 1607 5222 ipsi
1620 5122 1766 5223 penitus
1776 5121 1823 5196 ab
