<?xml version="1.0" encoding="UTF-8"?>
<!DOCTYPE html PUBLIC "-//W3C//DTD XHTML 1.0 Transitional//EN"
    "http://www.w3.org/TR/xhtml1/DTD/xhtml1-transitional.dtd">
<html xmlns="http://www.w3.org/1999/xhtml" xml:lang="en" lang="en">
 <head>
  <title>
</title>
<meta http-equiv="Content-Type" content="text/html;charset=utf-8" />
  <meta name='ocr-system' content='tesseract 3.04.00' />
  <meta name='ocr-capabilities' content='ocr_page ocr_carea ocr_par ocr_line ocrx_word'/>
</head>
<body>
  <div class='ocr_page' id='page_1' title='image "./petriablardiope00despgoog_0511.png"; bbox 0 0 4559 6100; ppageno 0'>
   <div class='ocr_carea' id='block_1_1' title="bbox 724 564 1801 647">
    <p class='ocr_par' dir='ltr' id='par_1_1' title="bbox 724 564 1801 647">
     <span class='ocr_line' id='line_1_1' title="bbox 724 564 1801 647; baseline 0.002 -5"><span class='ocrx_word' id='word_1_1' title='bbox 724 564 981 643; x_wconf 70' lang='lat' dir='ltr'><strong>tunoleum</strong></span> <span class='ocrx_word' id='word_1_2' title='bbox 998 564 1280 643; x_wconf 75' lang='lat' dir='ltr'><strong>ufltttstttttt.</strong></span> <span class='ocrx_word' id='word_1_3' title='bbox 1726 570 1801 647; x_wconf 75' lang='grc'><strong>169</strong></span> 
     </span>
    </p>
   </div>
   <div class='ocr_carea' id='block_1_2' title="bbox 208 715 1889 3911">
    <p class='ocr_par' dir='ltr' id='par_1_2' title="bbox 208 715 1889 3304">
     <span class='ocr_line' id='line_1_2' title="bbox 208 715 1799 817; baseline 0.003 -27"><span class='ocrx_word' id='word_1_4' title='bbox 208 715 432 817; x_wconf 72' lang='lat' dir='ltr'><strong>simplicitate</strong></span> <span class='ocrx_word' id='word_1_5' title='bbox 455 740 498 791; x_wconf 82' lang='lat' dir='ltr'><strong>ac</strong></span> <span class='ocrx_word' id='word_1_6' title='bbox 520 717 722 797; x_wconf 69' lang='lat' dir='ltr'><strong>sinceritate</strong></span> <span class='ocrx_word' id='word_1_7' title='bbox 743 716 872 797; x_wconf 83' lang='lat' dir='ltr'><strong>divinae</strong></span> <span class='ocrx_word' id='word_1_8' title='bbox 891 716 1097 791; x_wconf 78' lang='lat' dir='ltr'><strong>substantiae</strong></span> <span class='ocrx_word' id='word_1_9' title='bbox 1116 718 1209 790; x_wconf 76' lang='lat' dir='ltr'><strong>ait-¹:</strong></span> <span class='ocrx_word' id='word_1_10' title='bbox 1231 720 1343 787; x_wconf 78' lang='lat' dir='ltr'><strong>«Non</strong></span> <span class='ocrx_word' id='word_1_11' title='bbox 1365 728 1513 815; x_wconf 87' lang='lat' dir='ltr'><strong>propter</strong></span> <span class='ocrx_word' id='word_1_12' title='bbox 1538 715 1610 791; x_wconf 90' lang='lat' dir='ltr'><strong>hoc</strong></span> <span class='ocrx_word' id='word_1_13' title='bbox 1633 731 1799 794; x_wconf 86' lang='lat' dir='ltr'><strong>naturam</strong></span> 
     </span>
     <span class='ocr_line' id='line_1_3' title="bbox 208 824 1799 936; baseline 0.002 -26"><span class='ocrx_word' id='word_1_14' title='bbox 208 836 313 929; x_wconf 56' lang='lat' dir='ltr'><strong>mam</strong></span> <span class='ocrx_word' id='word_1_15' title='bbox 335 835 424 909; x_wconf 90' lang='lat' dir='ltr'><strong>boni</strong></span> <span class='ocrx_word' id='word_1_16' title='bbox 449 836 645 936; x_wconf 73' lang='lat' dir='ltr'><strong>simplicem</strong></span> <span class='ocrx_word' id='word_1_17' title='bbox 670 824 843 927; x_wconf 88' lang='lat' dir='ltr'><strong>dicimus,¹</strong></span> <span class='ocrx_word' id='word_1_18' title='bbox 860 839 944 936; x_wconf 90' lang='lat' dir='ltr'><strong>quia</strong></span> <span class='ocrx_word' id='word_1_19' title='bbox 965 851 1018 910; x_wconf 90' lang='lat' dir='ltr'><strong>est</strong></span> <span class='ocrx_word' id='word_1_20' title='bbox 1038 842 1142 909; x_wconf 89' lang='lat' dir='ltr'><strong>Pater</strong></span> <span class='ocrx_word' id='word_1_21' title='bbox 1161 836 1199 907; x_wconf 90' lang='lat' dir='ltr'><strong>in</strong></span> <span class='ocrx_word' id='word_1_22' title='bbox 1216 859 1260 908; x_wconf 87' lang='lat' dir='ltr'><strong>ea</strong></span> <span class='ocrx_word' id='word_1_23' title='bbox 1275 837 1383 926; x_wconf 90' lang='lat' dir='ltr'><strong>solus,</strong></span> <span class='ocrx_word' id='word_1_24' title='bbox 1410 850 1472 908; x_wconf 91' lang='lat' dir='ltr'><strong>aut</strong></span> <span class='ocrx_word' id='word_1_25' title='bbox 1484 836 1591 909; x_wconf 80' lang='lat' dir='ltr'><strong>Filius</strong></span> <span class='ocrx_word' id='word_1_26' title='bbox 1607 839 1717 932; x_wconf 87' lang='lat' dir='ltr'><strong>solus,</strong></span> <span class='ocrx_word' id='word_1_27' title='bbox 1737 856 1799 913; x_wconf 92' lang='lat' dir='ltr'><strong>aut</strong></span> 
     </span>
     <span class='ocr_line' id='line_1_4' title="bbox 208 938 1800 1056; baseline 0.001 -28"><span class='ocrx_word' id='word_1_28' title='bbox 208 954 305 1029; x_wconf 82' lang='lat' dir='ltr'><strong>aolus</strong></span> <span class='ocrx_word' id='word_1_29' title='bbox 321 955 473 1056; x_wconf 74' lang='lat' dir='ltr'><strong>Spiritus</strong></span> <span class='ocrx_word' id='word_1_30' title='bbox 489 959 658 1045; x_wconf 84' lang='lat' dir='ltr'><strong>Sanctus3</strong></span> <span class='ocrx_word' id='word_1_31' title='bbox 684 969 746 1028; x_wconf 88' lang='lat' dir='ltr'><strong>aut</strong></span> <span class='ocrx_word' id='word_1_32' title='bbox 763 955 840 1029; x_wconf 88' lang='lat' dir='ltr'><strong>sola</strong></span> <span class='ocrx_word' id='word_1_33' title='bbox 861 970 914 1029; x_wconf 86' lang='lat' dir='ltr'><strong>est</strong></span> <span class='ocrx_word' id='word_1_34' title='bbox 936 957 1002 1029; x_wconf 88' lang='lat' dir='ltr'><strong>ista</strong></span> <span class='ocrx_word' id='word_1_35' title='bbox 1026 955 1184 1031; x_wconf 91' lang='lat' dir='ltr'><strong>nominis</strong></span> <span class='ocrx_word' id='word_1_36' title='bbox 1202 942 1353 1026; x_wconf 76' lang='lat' dir='ltr'><strong>Trinitas</strong></span> <span class='ocrx_word' id='word_1_37' title='bbox 1373 956 1451 1027; x_wconf 88' lang='lat' dir='ltr'><strong>siue</strong></span> <span class='ocrx_word' id='word_1_38' title='bbox 1472 938 1700 1029; x_wconf 80' lang='lat' dir='ltr'><strong>subsistentia</strong></span> <span class='ocrx_word' id='word_1_39' title='bbox 1716 983 1800 1056; x_wconf 87' lang='lat' dir='ltr'><strong>per·</strong></span> 
     </span>
     <span class='ocr_line' id='line_1_5' title="bbox 209 1073 1799 1174; baseline 0.002 -27"><span class='ocrx_word' id='word_1_40' title='bbox 209 1097 393 1168; x_wconf 83' lang='lat' dir='ltr'><strong>sonarum,</strong></span> <span class='ocrx_word' id='word_1_41' title='bbox 417 1075 510 1146; x_wconf 89' lang='lat' dir='ltr'><strong>sieut</strong></span> <span class='ocrx_word' id='word_1_42' title='bbox 531 1073 722 1151; x_wconf 72' lang='lat' dir='ltr'><strong>Sabelliani</strong></span> <span class='ocrx_word' id='word_1_43' title='bbox 746 1089 973 1174; x_wconf 88' lang='lat' dir='ltr'><strong>putaverunt.</strong></span> <span class='ocrx_word' id='word_1_44' title='bbox 997 1075 1068 1148; x_wconf 87' lang='lat' dir='ltr'><strong>Sed</strong></span> <span class='ocrx_word' id='word_1_45' title='bbox 1090 1075 1175 1147; x_wconf 91' lang='lat' dir='ltr'><strong>ideo</strong></span> <span class='ocrx_word' id='word_1_46' title='bbox 1202 1074 1348 1174; x_wconf 79' lang='lat' dir='ltr'><strong>simplex</strong></span> <span class='ocrx_word' id='word_1_47' title='bbox 1371 1073 1517 1168; x_wconf 88' lang='lat' dir='ltr'><strong>dicitur,</strong></span> <span class='ocrx_word' id='word_1_48' title='bbox 1546 1075 1724 1174; x_wconf 87' lang='lat' dir='ltr'><strong>quiahoc</strong></span> <span class='ocrx_word' id='word_1_49' title='bbox 1746 1092 1799 1151; x_wconf 85' lang='lat' dir='ltr'><strong>est</strong></span> 
     </span>
     <span class='ocr_line' id='line_1_6' title="bbox 209 1192 1799 1295; baseline 0.002 -30"><span class='ocrx_word' id='word_1_50' title='bbox 209 1192 309 1290; x_wconf 85' lang='lat' dir='ltr'><strong>quod</strong></span> <span class='ocrx_word' id='word_1_51' title='bbox 332 1192 453 1286; x_wconf 88' lang='lat' dir='ltr'><strong>habet,</strong></span> <span class='ocrx_word' id='word_1_52' title='bbox 481 1208 630 1292; x_wconf 89' lang='lat' dir='ltr'><strong>excepto</strong></span> <span class='ocrx_word' id='word_1_53' title='bbox 653 1194 755 1292; x_wconf 92' lang='lat' dir='ltr'><strong>quod</strong></span> <span class='ocrx_word' id='word_1_54' title='bbox 782 1196 927 1268; x_wconf 86' lang='lat' dir='ltr'><strong>relative</strong></span> <span class='ocrx_word' id='word_1_55' title='bbox 948 1220 1100 1295; x_wconf 84' lang='lat' dir='ltr'><strong>quaeque</strong></span> <span class='ocrx_word' id='word_1_56' title='bbox 1121 1217 1276 1293; x_wconf 90' lang='lat' dir='ltr'><strong>persona</strong></span> <span class='ocrx_word' id='word_1_57' title='bbox 1300 1193 1346 1265; x_wconf 92' lang='lat' dir='ltr'><strong>ad</strong></span> <span class='ocrx_word' id='word_1_58' title='bbox 1370 1192 1515 1266; x_wconf 88' lang='lat' dir='ltr'><strong>alteram</strong></span> <span class='ocrx_word' id='word_1_59' title='bbox 1536 1194 1679 1267; x_wconf 86' lang='lat' dir='ltr'><strong>dicitur.</strong></span> <span class='ocrx_word' id='word_1_60' title='bbox 1710 1198 1799 1268; x_wconf 86' lang='lat' dir='ltr'><strong>Nam</strong></span> 
     </span>
     <span class='ocr_line' id='line_1_7' title="bbox 208 1311 1800 1415; baseline 0.003 -32"><span class='ocrx_word' id='word_1_61' title='bbox 208 1313 334 1408; x_wconf 88' lang='lat' dir='ltr'><strong>ntique</strong></span> <span class='ocrx_word' id='word_1_62' title='bbox 361 1316 464 1384; x_wconf 87' lang='lat' dir='ltr'><strong>Pater</strong></span> <span class='ocrx_word' id='word_1_63' title='bbox 490 1311 597 1383; x_wconf 89' lang='lat' dir='ltr'><strong>habet</strong></span> <span class='ocrx_word' id='word_1_64' title='bbox 623 1313 767 1404; x_wconf 80' lang='lat' dir='ltr'><strong>Filium,</strong></span> <span class='ocrx_word' id='word_1_65' title='bbox 792 1339 860 1386; x_wconf 87' lang='lat' dir='ltr'><strong>nec</strong></span> <span class='ocrx_word' id='word_1_66' title='bbox 886 1328 1005 1387; x_wconf 88' lang='lat' dir='ltr'><strong>tamen</strong></span> <span class='ocrx_word' id='word_1_67' title='bbox 1028 1315 1104 1415; x_wconf 90' lang='lat' dir='ltr'><strong>ipse</strong></span> <span class='ocrx_word' id='word_1_68' title='bbox 1127 1327 1181 1385; x_wconf 89' lang='lat' dir='ltr'><strong>est</strong></span> <span class='ocrx_word' id='word_1_69' title='bbox 1203 1313 1329 1403; x_wconf 81' lang='lat' dir='ltr'><strong>Filius3</strong></span> <span class='ocrx_word' id='word_1_70' title='bbox 1353 1326 1389 1385; x_wconf 91' lang='lat' dir='ltr'><strong>et</strong></span> <span class='ocrx_word' id='word_1_71' title='bbox 1414 1313 1521 1385; x_wconf 84' lang='lat' dir='ltr'><strong>Filius</strong></span> <span class='ocrx_word' id='word_1_72' title='bbox 1539 1318 1703 1405; x_wconf 87' lang='lat' dir='ltr'><strong>Patrem,</strong></span> <span class='ocrx_word' id='word_1_73' title='bbox 1732 1341 1800 1388; x_wconf 88' lang='lat' dir='ltr'><strong>uec</strong></span> 
     </span>
     <span class='ocr_line' id='line_1_8' title="bbox 209 1431 1799 1532; baseline 0.004 -30"><span class='ocrx_word' id='word_1_74' title='bbox 209 1440 328 1502; x_wconf 82' lang='lat' dir='ltr'><strong>tamen</strong></span> <span class='ocrx_word' id='word_1_75' title='bbox 349 1445 402 1503; x_wconf 89' lang='lat' dir='ltr'><strong>est</strong></span> <span class='ocrx_word' id='word_1_76' title='bbox 421 1434 537 1502; x_wconf 90' lang='lat' dir='ltr'><strong>Pater.</strong></span> <span class='ocrx_word' id='word_1_77' title='bbox 562 1436 601 1501; x_wconf 92' lang='lat' dir='ltr'><strong>ln</strong></span> <span class='ocrx_word' id='word_1_78' title='bbox 623 1457 697 1528; x_wconf 93' lang='lat' dir='ltr'><strong>quo</strong></span> <span class='ocrx_word' id='word_1_79' title='bbox 714 1456 800 1504; x_wconf 84' lang='lat' dir='ltr'><strong>vero</strong></span> <span class='ocrx_word' id='word_1_80' title='bbox 819 1431 866 1507; x_wconf 91' lang='lat' dir='ltr'><strong>ad</strong></span> <span class='ocrx_word' id='word_1_81' title='bbox 886 1433 1116 1532; x_wconf 90' lang='lat' dir='ltr'><strong>semetipsum</strong></span> <span class='ocrx_word' id='word_1_82' title='bbox 1135 1432 1280 1524; x_wconf 84' lang='lat' dir='ltr'><strong>dicitur,</strong></span> <span class='ocrx_word' id='word_1_83' title='bbox 1299 1456 1373 1503; x_wconf 92' lang='lat' dir='ltr'><strong>non</strong></span> <span class='ocrx_word' id='word_1_84' title='bbox 1395 1431 1441 1504; x_wconf 89' lang='lat' dir='ltr'><strong>ad</strong></span> <span class='ocrx_word' id='word_1_85' title='bbox 1461 1433 1632 1525; x_wconf 83' lang='lat' dir='ltr'><strong>alterum3</strong></span> <span class='ocrx_word' id='word_1_86' title='bbox 1657 1434 1730 1507; x_wconf 89' lang='lat' dir='ltr'><strong>hoc</strong></span> <span class='ocrx_word' id='word_1_87' title='bbox 1747 1449 1799 1508; x_wconf 87' lang='lat' dir='ltr'><strong>est</strong></span> 
     </span>
     <span class='ocr_line' id='line_1_9' title="bbox 209 1543 1798 1650; baseline 0.004 -31"><span class='ocrx_word' id='word_1_88' title='bbox 209 1548 309 1645; x_wconf 93' lang='lat' dir='ltr'><strong>quod</strong></span> <span class='ocrx_word' id='word_1_89' title='bbox 326 1547 446 1642; x_wconf 89' lang='lat' dir='ltr'><strong>habet,</strong></span> <span class='ocrx_word' id='word_1_90' title='bbox 463 1550 554 1621; x_wconf 82' lang='lat' dir='ltr'><strong>sicut</strong></span> <span class='ocrx_word' id='word_1_91' title='bbox 567 1549 612 1621; x_wconf 92' lang='lat' dir='ltr'><strong>ad</strong></span> <span class='ocrx_word' id='word_1_92' title='bbox 629 1543 859 1649; x_wconf 80' lang='lat' dir='ltr'><strong>semetipsum</strong></span> <span class='ocrx_word' id='word_1_93' title='bbox 875 1551 1131 1644; x_wconf 70' lang='lat' dir='ltr'><strong>diciturrivuS,</strong></span> <span class='ocrx_word' id='word_1_94' title='bbox 1151 1551 1321 1625; x_wconf 88' lang='lat' dir='ltr'><strong>habendo</strong></span> <span class='ocrx_word' id='word_1_95' title='bbox 1339 1553 1604 1650; x_wconf 79' lang='lat' dir='ltr'><strong>utique‘vitam,</strong></span> <span class='ocrx_word' id='word_1_96' title='bbox 1622 1567 1658 1626; x_wconf 94' lang='lat' dir='ltr'><strong>et</strong></span> <span class='ocrx_word' id='word_1_97' title='bbox 1671 1553 1798 1626; x_wconf 88' lang='lat' dir='ltr'><strong>eadem</strong></span> 
     </span>
     <span class='ocr_line' id='line_1_10' title="bbox 209 1666 1799 1770; baseline 0.004 -32"><span class='ocrx_word' id='word_1_98' title='bbox 209 1666 284 1770; x_wconf 71' lang='lat' dir='ltr'><strong>vitu¹</strong></span> <span class='ocrx_word' id='word_1_99' title='bbox 308 1668 384 1767; x_wconf 87' lang='lat' dir='ltr'><strong>ipse</strong></span> <span class='ocrx_word' id='word_1_100' title='bbox 408 1682 472 1741; x_wconf 88' lang='lat' dir='ltr'><strong>est.</strong></span> <span class='ocrx_word' id='word_1_101' title='bbox 507 1672 656 1767; x_wconf 81' lang='lat' dir='ltr'><strong>Propter</strong></span> <span class='ocrx_word' id='word_1_102' title='bbox 679 1669 760 1753; x_wconf 23' lang='lat' dir='ltr'><strong>hoc,</strong></span> <span class='ocrx_word' id='word_1_103' title='bbox 777 1671 896 1768; x_wconf 89' lang='lat' dir='ltr'><strong>itaque</strong></span> <span class='ocrx_word' id='word_1_104' title='bbox 920 1685 1048 1743; x_wconf 89' lang='lat' dir='ltr'><strong>natura</strong></span> <span class='ocrx_word' id='word_1_105' title='bbox 1068 1669 1145 1744; x_wconf 85' lang='lat' dir='ltr'><strong>haec</strong></span> <span class='ocrx_word' id='word_1_106' title='bbox 1170 1670 1301 1744; x_wconf 88' lang='lat' dir='ltr'><strong>dicitur</strong></span> <span class='ocrx_word' id='word_1_107' title='bbox 1324 1670 1494 1768; x_wconf 83' lang='lat' dir='ltr'><strong>simplex,</strong></span> <span class='ocrx_word' id='word_1_108' title='bbox 1523 1671 1623 1769; x_wconf 93' lang='lat' dir='ltr'><strong>quod</strong></span> <span class='ocrx_word' id='word_1_109' title='bbox 1642 1696 1726 1744; x_wconf 62' lang='lat' dir='ltr'><strong>⁴nem</strong></span> <span class='ocrx_word' id='word_1_110' title='bbox 1755 1675 1799 1745; x_wconf 92' lang='lat' dir='ltr'><strong>sit</strong></span> 
     </span>
     <span class='ocr_line' id='line_1_11' title="bbox 210 1783 1798 1885; baseline 0.004 -27"><span class='ocrx_word' id='word_1_111' title='bbox 210 1783 307 1858; x_wconf 88' lang='lat' dir='ltr'><strong>aliud</strong></span> <span class='ocrx_word' id='word_1_112' title='bbox 327 1786 478 1878; x_wconf 89' lang='lat' dir='ltr'><strong>habens,</strong></span> <span class='ocrx_word' id='word_1_113' title='bbox 499 1786 594 1859; x_wconf 87' lang='lat' dir='ltr'><strong>uliud</strong></span> <span class='ocrx_word' id='word_1_114' title='bbox 615 1788 715 1885; x_wconf 91' lang='lat' dir='ltr'><strong>quod</strong></span> <span class='ocrx_word' id='word_1_115' title='bbox 731 1786 854 1880; x_wconf 89' lang='lat' dir='ltr'><strong>habet,</strong></span> <span class='ocrx_word' id='word_1_116' title='bbox 873 1790 964 1862; x_wconf 91' lang='lat' dir='ltr'><strong>sicut</strong></span> <span class='ocrx_word' id='word_1_117' title='bbox 980 1791 1015 1861; x_wconf 91' lang='lat' dir='ltr'><strong>in</strong></span> <span class='ocrx_word' id='word_1_118' title='bbox 1032 1792 1166 1863; x_wconf 86' lang='lat' dir='ltr'><strong>caeteris</strong></span> <span class='ocrx_word' id='word_1_119' title='bbox 1182 1790 1303 1863; x_wconf 88' lang='lat' dir='ltr'><strong>rebus.</strong></span> <span class='ocrx_word' id='word_1_120' title='bbox 1328 1792 1452 1885; x_wconf 76' lang='lat' dir='ltr'><strong>licque</strong></span> <span class='ocrx_word' id='word_1_121' title='bbox 1467 1791 1563 1861; x_wconf 88' lang='lat' dir='ltr'><strong>enim</strong></span> <span class='ocrx_word' id='word_1_122' title='bbox 1578 1814 1641 1863; x_wconf 85' lang='lat' dir='ltr'><strong>vas</strong></span> <span class='ocrx_word' id='word_1_123' title='bbox 1660 1790 1798 1864; x_wconf 89' lang='lat' dir='ltr'><strong>habens</strong></span> 
     </span>
     <span class='ocr_line' id='line_1_12' title="bbox 209 1904 1799 2007; baseline 0.004 -30"><span class='ocrx_word' id='word_1_124' title='bbox 209 1904 407 2003; x_wconf 88' lang='lat' dir='ltr'><strong>liquorem,</strong></span> <span class='ocrx_word' id='word_1_125' title='bbox 431 1907 552 2005; x_wconf 90' lang='lat' dir='ltr'><strong>liquor</strong></span> <span class='ocrx_word' id='word_1_126' title='bbox 573 1922 650 1997; x_wconf 89' lang='lat' dir='ltr'><strong>est;</strong></span> <span class='ocrx_word' id='word_1_127' title='bbox 677 1933 745 1981; x_wconf 89' lang='lat' dir='ltr'><strong>nec</strong></span> <span class='ocrx_word' id='word_1_128' title='bbox 765 1934 896 2007; x_wconf 88' lang='lat' dir='ltr'><strong>corpus</strong></span> <span class='ocrx_word' id='word_1_129' title='bbox 917 1910 1031 2000; x_wconf 87' lang='lat' dir='ltr'><strong>color,</strong></span> <span class='ocrx_word' id='word_1_130' title='bbox 1059 1935 1128 1982; x_wconf 91' lang='lat' dir='ltr'><strong>nec</strong></span> <span class='ocrx_word' id='word_1_131' title='bbox 1153 1935 1215 1981; x_wconf 91' lang='lat' dir='ltr'><strong>aer</strong></span> <span class='ocrx_word' id='word_1_132' title='bbox 1240 1909 1300 1981; x_wconf 87' lang='lat' dir='ltr'><strong>lux</strong></span> <span class='ocrx_word' id='word_1_133' title='bbox 1326 1909 1401 1980; x_wconf 87' lang='lat' dir='ltr'><strong>sive</strong></span> <span class='ocrx_word' id='word_1_134' title='bbox 1427 1908 1558 2002; x_wconf 81' lang='lat' dir='ltr'><strong>fervor,</strong></span> <span class='ocrx_word' id='word_1_135' title='bbox 1587 1934 1654 1983; x_wconf 90' lang='lat' dir='ltr'><strong>nec</strong></span> <span class='ocrx_word' id='word_1_136' title='bbox 1679 1911 1799 1984; x_wconf 88' lang='lat' dir='ltr'><strong>anima</strong></span> 
     </span>
     <span class='ocr_line' id='line_1_13' title="bbox 209 2025 1799 2127; baseline 0.004 -32"><span class='ocrx_word' id='word_1_137' title='bbox 209 2025 381 2124; x_wconf 87' lang='lat' dir='ltr'><strong>sapientia</strong></span> <span class='ocrx_word' id='word_1_138' title='bbox 398 2040 463 2098; x_wconf 92' lang='lat' dir='ltr'><strong>est.</strong></span> <span class='ocrx_word' id='word_1_139' title='bbox 479 2028 573 2099; x_wconf 87' lang='lat' dir='ltr'><strong>Hinc</strong></span> <span class='ocrx_word' id='word_1_140' title='bbox 587 2042 639 2099; x_wconf 89' lang='lat' dir='ltr'><strong>est</strong></span> <span class='ocrx_word' id='word_1_141' title='bbox 654 2026 754 2125; x_wconf 91' lang='lat' dir='ltr'><strong>quod</strong></span> <span class='ocrx_word' id='word_1_142' title='bbox 775 2028 881 2099; x_wconf 87' lang='lat' dir='ltr'><strong>etiam</strong></span> <span class='ocrx_word' id='word_1_143' title='bbox 897 2027 1028 2126; x_wconf 82' lang='lat' dir='ltr'><strong>privari</strong></span> <span class='ocrx_word' id='word_1_144' title='bbox 1047 2041 1198 2127; x_wconf 89' lang='lat' dir='ltr'><strong>possunt</strong></span> <span class='ocrx_word' id='word_1_145' title='bbox 1213 2026 1321 2101; x_wconf 89' lang='lat' dir='ltr'><strong>rebus</strong></span> <span class='ocrx_word' id='word_1_146' title='bbox 1338 2049 1427 2125; x_wconf 85' lang='lat' dir='ltr'><strong>quas</strong></span> <span class='ocrx_word' id='word_1_147' title='bbox 1442 2025 1589 2120; x_wconf 88' lang='lat' dir='ltr'><strong>habent,</strong></span> <span class='ocrx_word' id='word_1_148' title='bbox 1609 2044 1644 2100; x_wconf 92' lang='lat' dir='ltr'><strong>et</strong></span> <span class='ocrx_word' id='word_1_149' title='bbox 1660 2030 1697 2099; x_wconf 90' lang='lat' dir='ltr'><strong>in</strong></span> <span class='ocrx_word' id='word_1_150' title='bbox 1712 2028 1799 2101; x_wconf 88' lang='lat' dir='ltr'><strong>alios</strong></span> 
     </span>
     <span class='ocr_line' id='line_1_14' title="bbox 209 2141 1889 2246; baseline 0.002 -31"><span class='ocrx_word' id='word_1_151' title='bbox 209 2141 462 2233; x_wconf 87' lang='lat' dir='ltr'><strong>habitusverti</strong></span> <span class='ocrx_word' id='word_1_152' title='bbox 483 2160 590 2242; x_wconf 91' lang='lat' dir='ltr'><strong>atque</strong></span> <span class='ocrx_word' id='word_1_153' title='bbox 606 2146 868 2217; x_wconf 87' lang='lat' dir='ltr'><strong>commutari.»</strong></span> <span class='ocrx_word' id='word_1_154' title='bbox 893 2145 992 2218; x_wconf 93' lang='lat' dir='ltr'><strong>ldem</strong></span> <span class='ocrx_word' id='word_1_155' title='bbox 1009 2146 1046 2217; x_wconf 90' lang='lat' dir='ltr'><strong>iu</strong></span> <span class='ocrx_word' id='word_1_156' title='bbox 1062 2151 1125 2218; x_wconf 86' lang='lat' dir='ltr'><strong>Vll</strong></span> <span class='ocrx_word' id='word_1_157' title='bbox 1144 2148 1412 2245; x_wconf 73' lang='lat' dir='ltr'><strong>confessionum</strong></span> <span class='ocrx_word' id='word_1_158' title='bbox 1429 2145 1475 2218; x_wconf 89' lang='lat' dir='ltr'><strong>ad</strong></span> <span class='ocrx_word' id='word_1_159' title='bbox 1493 2151 1608 2218; x_wconf 82' lang='lat' dir='ltr'><strong>Deum</strong></span> <span class='ocrx_word' id='word_1_160' title='bbox 1626 2146 1796 2246; x_wconf 88' lang='lat' dir='ltr'><strong>loquens,</strong></span> <span class='ocrx_word' id='word_1_161' title='bbox 1888 2170 1889 2179; x_wconf 57' lang='lat'>¹</span> 
     </span>
     <span class='ocr_line' id='line_1_15' title="bbox 209 2262 1797 2363; baseline 0.003 -30"><span class='ocrx_word' id='word_1_162' title='bbox 209 2264 308 2333; x_wconf 85' lang='lat' dir='ltr'><strong>ait¹:</strong></span> <span class='ocrx_word' id='word_1_163' title='bbox 331 2293 349 2329; x_wconf 76' lang='grc' dir='ltr'>α</span> <span class='ocrx_word' id='word_1_164' title='bbox 365 2267 437 2335; x_wconf 89' lang='lat' dir='ltr'><strong>Nec</strong></span> <span class='ocrx_word' id='word_1_165' title='bbox 456 2264 593 2358; x_wconf 84' lang='lat' dir='ltr'><strong>cogeris</strong></span> <span class='ocrx_word' id='word_1_166' title='bbox 615 2264 746 2336; x_wconf 86' lang='lat' dir='ltr'><strong>invitus</strong></span> <span class='ocrx_word' id='word_1_167' title='bbox 767 2263 813 2336; x_wconf 88' lang='lat' dir='ltr'><strong>ad</strong></span> <span class='ocrx_word' id='word_1_168' title='bbox 832 2262 986 2360; x_wconf 87' lang='lat' dir='ltr'><strong>aliquid,</strong></span> <span class='ocrx_word' id='word_1_169' title='bbox 1007 2265 1092 2362; x_wconf 91' lang='lat' dir='ltr'><strong>qnia</strong></span> <span class='ocrx_word' id='word_1_170' title='bbox 1106 2265 1273 2337; x_wconf 83' lang='lat' dir='ltr'><strong>voluntas</strong></span> <span class='ocrx_word' id='word_1_171' title='bbox 1294 2277 1355 2335; x_wconf 93' lang='lat' dir='ltr'><strong>tua</strong></span> <span class='ocrx_word' id='word_1_172' title='bbox 1378 2288 1452 2336; x_wconf 90' lang='lat' dir='ltr'><strong>non</strong></span> <span class='ocrx_word' id='word_1_173' title='bbox 1478 2279 1530 2337; x_wconf 89' lang='lat' dir='ltr'><strong>est</strong></span> <span class='ocrx_word' id='word_1_174' title='bbox 1552 2266 1668 2362; x_wconf 91' lang='lat' dir='ltr'><strong>major</strong></span> <span class='ocrx_word' id='word_1_175' title='bbox 1690 2290 1797 2363; x_wconf 87' lang='lat' dir='ltr'><strong>quam</strong></span> 
     </span>
     <span class='ocr_line' id='line_1_16' title="bbox 211 2383 1799 2483; baseline 0.003 -28"><span class='ocrx_word' id='word_1_176' title='bbox 211 2384 382 2482; x_wconf 90' lang='lat' dir='ltr'><strong>potentia.</strong></span> <span class='ocrx_word' id='word_1_177' title='bbox 402 2387 501 2456; x_wconf 87' lang='lat' dir='ltr'><strong>Esset</strong></span> <span class='ocrx_word' id='word_1_178' title='bbox 516 2398 636 2456; x_wconf 88' lang='lat' dir='ltr'><strong>autem</strong></span> <span class='ocrx_word' id='word_1_179' title='bbox 657 2384 785 2481; x_wconf 90' lang='lat' dir='ltr'><strong>major,</strong></span> <span class='ocrx_word' id='word_1_180' title='bbox 805 2385 885 2457; x_wconf 89' lang='lat' dir='ltr'><strong>site</strong></span> <span class='ocrx_word' id='word_1_181' title='bbox 903 2385 980 2482; x_wconf 89' lang='lat' dir='ltr'><strong>ipso</strong></span> <span class='ocrx_word' id='word_1_182' title='bbox 998 2386 1129 2483; x_wconf 90' lang='lat' dir='ltr'><strong>tuipse</strong></span> <span class='ocrx_word' id='word_1_183' title='bbox 1145 2383 1260 2480; x_wconf 88' lang='lat' dir='ltr'><strong>major</strong></span> <span class='ocrx_word' id='word_1_184' title='bbox 1276 2407 1406 2455; x_wconf 73' lang='lat' dir='ltr'><strong>esses.»</strong></span> <span class='ocrx_word' id='word_1_185' title='bbox 1427 2386 1534 2455; x_wconf 89' lang='lat' dir='ltr'><strong>ltem:</strong></span> <span class='ocrx_word' id='word_1_186' title='bbox 1552 2384 1751 2459; x_wconf 78' lang='lat' dir='ltr'><strong>«Voluntas</strong></span> <span class='ocrx_word' id='word_1_187' title='bbox 1763 2402 1799 2459; x_wconf 90' lang='lat' dir='ltr'><strong>et</strong></span> 
     </span>
     <span class='ocr_line' id='line_1_17' title="bbox 209 2500 1799 2603; baseline 0.005 -30"><span class='ocrx_word' id='word_1_188' title='bbox 209 2503 369 2600; x_wconf 91' lang='lat' dir='ltr'><strong>potentia</strong></span> <span class='ocrx_word' id='word_1_189' title='bbox 379 2504 444 2575; x_wconf 90' lang='lat' dir='ltr'><strong>Dei</strong></span> <span class='ocrx_word' id='word_1_190' title='bbox 459 2507 556 2575; x_wconf 89' lang='lat' dir='ltr'><strong>Deus</strong></span> <span class='ocrx_word' id='word_1_191' title='bbox 572 2503 649 2603; x_wconf 89' lang='lat' dir='ltr'><strong>ipse</strong></span> <span class='ocrx_word' id='word_1_192' title='bbox 664 2516 728 2575; x_wconf 88' lang='lat' dir='ltr'><strong>est.</strong></span> <span class='ocrx_word' id='word_1_193' title='bbox 740 2531 758 2569; x_wconf 80' lang='lat' dir='ltr'><strong>u</strong></span> <span class='ocrx_word' id='word_1_194' title='bbox 778 2504 920 2576; x_wconf 86' lang='lat' dir='ltr'><strong>Boetius</strong></span> <span class='ocrx_word' id='word_1_195' title='bbox 934 2528 1080 2601; x_wconf 90' lang='lat' dir='ltr'><strong>quoque</strong></span> <span class='ocrx_word' id='word_1_196' title='bbox 1092 2504 1129 2575; x_wconf 91' lang='lat' dir='ltr'><strong>iu</strong></span> <span class='ocrx_word' id='word_1_197' title='bbox 1146 2502 1240 2574; x_wconf 89' lang='lat' dir='ltr'><strong>libro</strong></span> <span class='ocrx_word' id='word_1_198' title='bbox 1253 2500 1297 2573; x_wconf 78' lang='lat' dir='ltr'><strong>de</strong></span> <span class='ocrx_word' id='word_1_199' title='bbox 1310 2504 1484 2573; x_wconf 80' lang='lat' dir='ltr'><strong>Trt’nitate</strong></span> <span class='ocrx_word' id='word_1_200' title='bbox 1499 2527 1582 2575; x_wconf 91' lang='lat' dir='ltr'><strong>cum</strong></span> <span class='ocrx_word' id='word_1_201' title='bbox 1600 2502 1646 2576; x_wconf 91' lang='lat' dir='ltr'><strong>de</strong></span> <span class='ocrx_word' id='word_1_202' title='bbox 1659 2530 1799 2581; x_wconf 89' lang='lat' dir='ltr'><strong>summa</strong></span> 
     </span>
     <span class='ocr_line' id='line_1_18' title="bbox 210 2620 1798 2722; baseline 0.005 -30"><span class='ocrx_word' id='word_1_203' title='bbox 210 2620 271 2693; x_wconf 91' lang='lat' dir='ltr'><strong>illa</strong></span> <span class='ocrx_word' id='word_1_204' title='bbox 284 2622 627 2694; x_wconf 84' lang='lat' dir='ltr'><strong>unitatedivinitatis</strong></span> <span class='ocrx_word' id='word_1_205' title='bbox 641 2621 862 2720; x_wconf 90' lang='lat' dir='ltr'><strong>loqueretur,</strong></span> <span class='ocrx_word' id='word_1_206' title='bbox 883 2622 920 2693; x_wconf 93' lang='lat' dir='ltr'><strong>in</strong></span> <span class='ocrx_word' id='word_1_207' title='bbox 937 2647 1007 2720; x_wconf 89' lang='lat' dir='ltr'><strong>qna</strong></span> <span class='ocrx_word' id='word_1_208' title='bbox 1025 2647 1099 2695; x_wconf 90' lang='lat' dir='ltr'><strong>non</strong></span> <span class='ocrx_word' id='word_1_209' title='bbox 1116 2623 1270 2721; x_wconf 90' lang='lat' dir='ltr'><strong>partium</strong></span> <span class='ocrx_word' id='word_1_210' title='bbox 1288 2645 1355 2693; x_wconf 90' lang='lat' dir='ltr'><strong>nec</strong></span> <span class='ocrx_word' id='word_1_211' title='bbox 1372 2620 1569 2694; x_wconf 84' lang='lat' dir='ltr'><strong>formarum</strong></span> <span class='ocrx_word' id='word_1_212' title='bbox 1586 2638 1705 2722; x_wconf 91' lang='lat' dir='ltr'><strong>potest</strong></span> <span class='ocrx_word' id='word_1_213' title='bbox 1723 2651 1798 2700; x_wconf 91' lang='lat' dir='ltr'><strong>esse</strong></span> 
     </span>
     <span class='ocr_line' id='line_1_19' title="bbox 210 2737 1798 2838; baseline 0.004 -27"><span class='ocrx_word' id='word_1_214' title='bbox 210 2737 414 2813; x_wconf 84' lang='lat' dir='ltr'><strong>diversitas:</strong></span> <span class='ocrx_word' id='word_1_215' title='bbox 436 2741 657 2831; x_wconf 83' lang='lat' dir='ltr'><strong>«Quocirca,</strong></span> <span class='ocrx_word' id='word_1_216' title='bbox 676 2740 807 2838; x_wconf 90' lang='lat' dir='ltr'><strong>iuquit,</strong></span> <span class='ocrx_word' id='word_1_217' title='bbox 825 2739 898 2813; x_wconf 87' lang='lat' dir='ltr'><strong>hoc</strong></span> <span class='ocrx_word' id='word_1_218' title='bbox 918 2766 1001 2813; x_wconf 87' lang='lat' dir='ltr'><strong>vere</strong></span> <span class='ocrx_word' id='word_1_219' title='bbox 1022 2764 1151 2830; x_wconf 86' lang='lat' dir='ltr'><strong>uuum,</strong></span> <span class='ocrx_word' id='word_1_220' title='bbox 1171 2741 1208 2811; x_wconf 92' lang='lat' dir='ltr'><strong>in</strong></span> <span class='ocrx_word' id='word_1_221' title='bbox 1221 2763 1294 2838; x_wconf 95' lang='lat' dir='ltr'><strong>quo</strong></span> <span class='ocrx_word' id='word_1_222' title='bbox 1314 2740 1433 2812; x_wconf 91' lang='lat' dir='ltr'><strong>nullus</strong></span> <span class='ocrx_word' id='word_1_223' title='bbox 1450 2765 1634 2833; x_wconf 88' lang='lat' dir='ltr'><strong>numerus,</strong></span> <span class='ocrx_word' id='word_1_224' title='bbox 1658 2744 1798 2818; x_wconf 92' lang='lat' dir='ltr'><strong>nullum</strong></span> 
     </span>
     <span class='ocr_line' id='line_1_20' title="bbox 208 2852 1798 2959; baseline 0.004 -29"><span class='ocrx_word' id='word_1_225' title='bbox 208 2860 246 2930; x_wconf 90' lang='lat' dir='ltr'><strong>in</strong></span> <span class='ocrx_word' id='word_1_226' title='bbox 263 2884 306 2932; x_wconf 92' lang='lat' dir='ltr'><strong>eo</strong></span> <span class='ocrx_word' id='word_1_227' title='bbox 327 2859 425 2931; x_wconf 85' lang='lat' dir='ltr'><strong>aliud</strong></span> <span class='ocrx_word' id='word_1_228' title='bbox 439 2873 564 2959; x_wconf 79' lang='lat' dir='ltr'><strong>praeter</strong></span> <span class='ocrx_word' id='word_1_229' title='bbox 584 2857 622 2931; x_wconf 93' lang='lat' dir='ltr'><strong>id</strong></span> <span class='ocrx_word' id='word_1_230' title='bbox 639 2856 739 2955; x_wconf 90' lang='lat' dir='ltr'><strong>quod</strong></span> <span class='ocrx_word' id='word_1_231' title='bbox 756 2872 821 2930; x_wconf 85' lang='lat' dir='ltr'><strong>est.</strong></span> <span class='ocrx_word' id='word_1_232' title='bbox 843 2863 966 2957; x_wconf 88' lang='lat' dir='ltr'><strong>Neque</strong></span> <span class='ocrx_word' id='word_1_233' title='bbox 988 2860 1085 2931; x_wconf 90' lang='lat' dir='ltr'><strong>enim</strong></span> <span class='ocrx_word' id='word_1_234' title='bbox 1103 2852 1304 2955; x_wconf 85' lang='lat' dir='ltr'><strong>subjectum</strong></span> <span class='ocrx_word' id='word_1_235' title='bbox 1327 2857 1404 2930; x_wconf 89' lang='lat' dir='ltr'><strong>fieri</strong></span> <span class='ocrx_word' id='word_1_236' title='bbox 1421 2872 1552 2957; x_wconf 91' lang='lat' dir='ltr'><strong>potest,</strong></span> <span class='ocrx_word' id='word_1_237' title='bbox 1572 2860 1686 2937; x_wconf 80' lang='lat' dir='ltr'><strong>forma</strong></span> <span class='ocrx_word' id='word_1_238' title='bbox 1703 2866 1798 2937; x_wconf 91' lang='lat' dir='ltr'><strong>enim</strong></span> 
     </span>
     <span class='ocr_line' id='line_1_21' title="bbox 208 2976 1797 3077; baseline -0.002 -26"><span class='ocrx_word' id='word_1_239' title='bbox 208 2992 279 3069; x_wconf 90' lang='lat' dir='ltr'><strong>est,</strong></span> <span class='ocrx_word' id='word_1_240' title='bbox 303 2977 426 3051; x_wconf 83' lang='lat' dir='ltr'><strong>lormae</strong></span> <span class='ocrx_word' id='word_1_241' title='bbox 442 3002 528 3051; x_wconf 85' lang='lat' dir='ltr'><strong>vero</strong></span> <span class='ocrx_word' id='word_1_242' title='bbox 544 2976 709 3075; x_wconf 87' lang='lat' dir='ltr'><strong>subjectae</strong></span> <span class='ocrx_word' id='word_1_243' title='bbox 733 3001 899 3053; x_wconf 88' lang='lat' dir='ltr'><strong>essenon</strong></span> <span class='ocrx_word' id='word_1_244' title='bbox 917 2992 1079 3077; x_wconf 88' lang='lat' dir='ltr'><strong>possunt.</strong></span> <span class='ocrx_word' id='word_1_245' title='bbox 1098 3004 1115 3045; x_wconf 85' lang='lat' dir='ltr'><strong>u</strong></span> <span class='ocrx_word' id='word_1_246' title='bbox 1131 2981 1298 3051; x_wconf 89' lang='lat' dir='ltr'><strong>Formam</strong></span> <span class='ocrx_word' id='word_1_247' title='bbox 1314 2976 1433 3075; x_wconf 90' lang='lat' dir='ltr'><strong>itaque</strong></span> <span class='ocrx_word' id='word_1_248' title='bbox 1460 2979 1602 3051; x_wconf 88' lang='lat' dir='ltr'><strong>Boetius</strong></span> <span class='ocrx_word' id='word_1_249' title='bbox 1623 2978 1694 3054; x_wconf 85' lang='lat' dir='ltr'><strong>hoc</strong></span> <span class='ocrx_word' id='word_1_250' title='bbox 1715 2982 1797 3056; x_wconf 76' lang='lat'>1000</span> 
     </span>
     <span class='ocr_line' id='line_1_22' title="bbox 209 3094 1797 3194; baseline 0.004 -26"><span class='ocrx_word' id='word_1_251' title='bbox 209 3096 297 3169; x_wconf 87' lang='lat' dir='ltr'><strong>dixit</strong></span> <span class='ocrx_word' id='word_1_252' title='bbox 321 3098 478 3170; x_wconf 82' lang='lat' dir='ltr'><strong>divinam</strong></span> <span class='ocrx_word' id='word_1_253' title='bbox 505 3096 737 3168; x_wconf 88' lang='lat' dir='ltr'><strong>substantiam</strong></span> <span class='ocrx_word' id='word_1_254' title='bbox 760 3095 959 3168; x_wconf 89' lang='lat' dir='ltr'><strong>secundum</strong></span> <span class='ocrx_word' id='word_1_255' title='bbox 976 3094 1052 3194; x_wconf 31' lang='lat' dir='ltr'><strong>,hoc</strong></span> <span class='ocrx_word' id='word_1_256' title='bbox 1077 3095 1176 3194; x_wconf 90' lang='lat' dir='ltr'><strong>quod</strong></span> <span class='ocrx_word' id='word_1_257' title='bbox 1194 3095 1374 3169; x_wconf 89' lang='lat' dir='ltr'><strong>nullarum</strong></span> <span class='ocrx_word' id='word_1_258' title='bbox 1401 3095 1598 3169; x_wconf 79' lang='lat' dir='ltr'><strong>formarum</strong></span> <span class='ocrx_word' id='word_1_259' title='bbox 1622 3114 1797 3175; x_wconf 89' lang='lat' dir='ltr'><strong>sustenta·</strong></span> 
     </span>
     <span class='ocr_line' id='line_1_23' title="bbox 208 3199 451 3304; baseline -0.008 -16"><span class='ocrx_word' id='word_1_260' title='bbox 208 3199 367 3304; x_wconf 84' lang='lat' dir='ltr'><strong>mentum</strong></span> <span class='ocrx_word' id='word_1_261' title='bbox 386 3229 451 3287; x_wconf 88' lang='lat' dir='ltr'><strong>est.</strong></span> 
     </span>
    </p>

    <p class='ocr_par' dir='ltr' id='par_1_3' title="bbox 208 3331 1797 3911">
     <span class='ocr_line' id='line_1_24' title="bbox 258 3331 1795 3431; baseline -0.001 -27"><span class='ocrx_word' id='word_1_262' title='bbox 258 3338 352 3407; x_wconf 89' lang='lat' dir='ltr'><strong>Bene</strong></span> <span class='ocrx_word' id='word_1_263' title='bbox 367 3350 487 3406; x_wconf 89' lang='lat' dir='ltr'><strong>autem</strong></span> <span class='ocrx_word' id='word_1_264' title='bbox 504 3333 667 3404; x_wconf 93' lang='lat' dir='ltr'><strong>omnium</strong></span> <span class='ocrx_word' id='word_1_265' title='bbox 686 3333 936 3431; x_wconf 86' lang='lat' dir='ltr'><strong>theologorum</strong></span> <span class='ocrx_word' id='word_1_266' title='bbox 953 3335 1145 3406; x_wconf 86' lang='lat' dir='ltr'><strong>auctoritas</strong></span> <span class='ocrx_word' id='word_1_267' title='bbox 1161 3332 1321 3405; x_wconf 81' lang='lat' dir='ltr'><strong>divinam</strong></span> <span class='ocrx_word' id='word_1_268' title='bbox 1337 3331 1570 3406; x_wconf 88' lang='lat' dir='ltr'><strong>substantiam</strong></span> <span class='ocrx_word' id='word_1_269' title='bbox 1598 3332 1795 3431; x_wconf 89' lang='lat' dir='ltr'><strong>simplicem</strong></span> 
     </span>
     <span class='ocr_line' id='line_1_25' title="bbox 209 3452 1797 3551; baseline -0.003 -25"><span class='ocrx_word' id='word_1_270' title='bbox 209 3454 360 3527; x_wconf 90' lang='lat' dir='ltr'><strong>omniuo</strong></span> <span class='ocrx_word' id='word_1_271' title='bbox 383 3477 459 3526; x_wconf 88' lang='lat' dir='ltr'><strong>esse</strong></span> <span class='ocrx_word' id='word_1_272' title='bbox 474 3453 674 3546; x_wconf 83' lang='lat' dir='ltr'><strong>astruxerit,</strong></span> <span class='ocrx_word' id='word_1_273' title='bbox 704 3453 776 3525; x_wconf 90' lang='lat' dir='ltr'><strong>hoc</strong></span> <span class='ocrx_word' id='word_1_274' title='bbox 796 3467 849 3526; x_wconf 88' lang='lat' dir='ltr'><strong>est</strong></span> <span class='ocrx_word' id='word_1_275' title='bbox 870 3452 916 3526; x_wconf 93' lang='lat' dir='ltr'><strong>ab</strong></span> <span class='ocrx_word' id='word_1_276' title='bbox 938 3455 1036 3525; x_wconf 91' lang='lat' dir='ltr'><strong>omni</strong></span> <span class='ocrx_word' id='word_1_277' title='bbox 1058 3452 1257 3545; x_wconf 87' lang='lat' dir='ltr'><strong>accidente,</strong></span> <span class='ocrx_word' id='word_1_278' title='bbox 1274 3452 1321 3524; x_wconf 89' lang='lat' dir='ltr'><strong>ab</strong></span> <span class='ocrx_word' id='word_1_279' title='bbox 1346 3452 1446 3524; x_wconf 90' lang='lat' dir='ltr'><strong>omni</strong></span> <span class='ocrx_word' id='word_1_280' title='bbox 1464 3452 1587 3525; x_wconf 85' lang='lat' dir='ltr'><strong>formae</strong></span> <span class='ocrx_word' id='word_1_281' title='bbox 1609 3452 1797 3551; x_wconf 86' lang='lat' dir='ltr'><strong>participa·</strong></span> 
     </span>
     <span class='ocr_line' id='line_1_26' title="bbox 210 3571 1797 3669; baseline -0.003 -24"><span class='ocrx_word' id='word_1_282' title='bbox 210 3576 308 3645; x_wconf 89' lang='lat' dir='ltr'><strong>tione</strong></span> <span class='ocrx_word' id='word_1_283' title='bbox 329 3575 543 3662; x_wconf 86' lang='lat' dir='ltr'><strong>immunem,</strong></span> <span class='ocrx_word' id='word_1_284' title='bbox 562 3585 601 3642; x_wconf 89' lang='lat' dir='ltr'><strong>ut</strong></span> <span class='ocrx_word' id='word_1_285' title='bbox 613 3571 702 3643; x_wconf 90' lang='lat' dir='ltr'><strong>nihil</strong></span> <span class='ocrx_word' id='word_1_286' title='bbox 719 3571 851 3644; x_wconf 88' lang='lat' dir='ltr'><strong>scilicet</strong></span> <span class='ocrx_word' id='word_1_287' title='bbox 869 3573 905 3643; x_wconf 92' lang='lat' dir='ltr'><strong>in</strong></span> <span class='ocrx_word' id='word_1_288' title='bbox 928 3576 1006 3644; x_wconf 89' lang='lat' dir='ltr'><strong>Deo</strong></span> <span class='ocrx_word' id='word_1_289' title='bbox 1029 3573 1087 3663; x_wconf 89' lang='lat' dir='ltr'><strong>sit,</strong></span> <span class='ocrx_word' id='word_1_290' title='bbox 1113 3571 1213 3669; x_wconf 92' lang='lat' dir='ltr'><strong>quod</strong></span> <span class='ocrx_word' id='word_1_291' title='bbox 1233 3576 1329 3643; x_wconf 87' lang='lat' dir='ltr'><strong>Deus</strong></span> <span class='ocrx_word' id='word_1_292' title='bbox 1346 3595 1419 3642; x_wconf 91' lang='lat' dir='ltr'><strong>non</strong></span> <span class='ocrx_word' id='word_1_293' title='bbox 1441 3572 1501 3644; x_wconf 91' lang='lat' dir='ltr'><strong>sit.</strong></span> <span class='ocrx_word' id='word_1_294' title='bbox 1528 3575 1646 3644; x_wconf 89' lang='lat' dir='ltr'><strong>Omne</strong></span> <span class='ocrx_word' id='word_1_295' title='bbox 1662 3571 1797 3669; x_wconf 85' lang='lat' dir='ltr'><strong>quippe</strong></span> 
     </span>
     <span class='ocr_line' id='line_1_27' title="bbox 208 3689 1795 3790; baseline -0.003 -26"><span class='ocrx_word' id='word_1_296' title='bbox 208 3692 309 3790; x_wconf 90' lang='lat' dir='ltr'><strong>quod</strong></span> <span class='ocrx_word' id='word_1_297' title='bbox 333 3692 538 3765; x_wconf 87' lang='lat' dir='ltr'><strong>naturaliter</strong></span> <span class='ocrx_word' id='word_1_298' title='bbox 563 3691 692 3778; x_wconf 87' lang='lat' dir='ltr'><strong>existit,</strong></span> <span class='ocrx_word' id='word_1_299' title='bbox 718 3705 780 3763; x_wconf 91' lang='lat' dir='ltr'><strong>aut</strong></span> <span class='ocrx_word' id='word_1_300' title='bbox 802 3705 975 3763; x_wconf 86' lang='lat' dir='ltr'><strong>aeternnm</strong></span> <span class='ocrx_word' id='word_1_301' title='bbox 1001 3706 1066 3785; x_wconf 89' lang='lat' dir='ltr'><strong>est,</strong></span> <span class='ocrx_word' id='word_1_302' title='bbox 1091 3704 1130 3762; x_wconf 94' lang='lat' dir='ltr'><strong>ut</strong></span> <span class='ocrx_word' id='word_1_303' title='bbox 1149 3695 1264 3784; x_wconf 81' lang='lat' dir='ltr'><strong>Deus3</strong></span> <span class='ocrx_word' id='word_1_304' title='bbox 1295 3705 1356 3764; x_wconf 91' lang='lat' dir='ltr'><strong>aut</strong></span> <span class='ocrx_word' id='word_1_305' title='bbox 1380 3691 1489 3790; x_wconf 88' lang='lat' dir='ltr'><strong>coepit</strong></span> <span class='ocrx_word' id='word_1_306' title='bbox 1515 3689 1562 3763; x_wconf 88' lang='lat' dir='ltr'><strong>ab</strong></span> <span class='ocrx_word' id='word_1_307' title='bbox 1585 3716 1629 3764; x_wconf 89' lang='lat' dir='ltr'><strong>eo</strong></span> <span class='ocrx_word' id='word_1_308' title='bbox 1654 3715 1795 3762; x_wconf 92' lang='lat' dir='ltr'><strong>summo</strong></span> 
     </span>
     <span class='ocr_line' id='line_1_28' title="bbox 210 3807 1795 3911; baseline -0.001 -30"><span class='ocrx_word' id='word_1_309' title='bbox 210 3811 390 3911; x_wconf 89' lang='lat' dir='ltr'><strong>Principio</strong></span> <span class='ocrx_word' id='word_1_310' title='bbox 411 3809 510 3910; x_wconf 92' lang='lat' dir='ltr'><strong>quod</strong></span> <span class='ocrx_word' id='word_1_311' title='bbox 532 3814 627 3881; x_wconf 84' lang='lat' dir='ltr'><strong>Deus</strong></span> <span class='ocrx_word' id='word_1_312' title='bbox 643 3823 718 3899; x_wconf 89' lang='lat' dir='ltr'><strong>est,</strong></span> <span class='ocrx_word' id='word_1_313' title='bbox 744 3807 881 3881; x_wconf 85' lang='lat' dir='ltr'><strong>ducens</strong></span> <span class='ocrx_word' id='word_1_314' title='bbox 898 3809 1084 3881; x_wconf 87' lang='lat' dir='ltr'><strong>exordium</strong></span> <span class='ocrx_word' id='word_1_315' title='bbox 1102 3836 1112 3881; x_wconf 76' lang='lat' dir='ltr'><strong>t</strong></span> <span class='ocrx_word' id='word_1_316' title='bbox 1130 3831 1204 3881; x_wconf 84' lang='lat' dir='ltr'><strong>asc</strong></span> <span class='ocrx_word' id='word_1_317' title='bbox 1215 3810 1354 3908; x_wconf 72' lang='lat' dir='ltr'><strong>vquippe</strong></span> <span class='ocrx_word' id='word_1_318' title='bbox 1372 3809 1460 3881; x_wconf 89' lang='lat' dir='ltr'><strong>nihil</strong></span> <span class='ocrx_word' id='word_1_319' title='bbox 1477 3824 1541 3900; x_wconf 91' lang='lat' dir='ltr'><strong>est,</strong></span> <span class='ocrx_word' id='word_1_320' title='bbox 1561 3825 1686 3911; x_wconf 83' lang='lat' dir='ltr'><strong>praeter</strong></span> <span class='ocrx_word' id='word_1_321' title='bbox 1707 3808 1795 3880; x_wconf 88' lang='lat' dir='ltr'><strong>illud</strong></span> 
     </span>
    </p>
   </div>
   <div class='ocr_carea' id='block_1_3' title="bbox 91 3917 1792 4030">
    <p class='ocr_par' dir='ltr' id='par_1_4' title="bbox 91 3917 1792 4030">
     <span class='ocr_line' id='line_1_29' title="bbox 91 3917 1792 4030; baseline -0.004 -26"><span class='ocrx_word' id='word_1_322' title='bbox 91 3917 106 3942; x_wconf 70' lang='lat'><em>⁶</em></span> <span class='ocrx_word' id='word_1_323' title='bbox 209 3956 229 4003; x_wconf 87' lang='lat' dir='ltr'><strong>a</strong></span> <span class='ocrx_word' id='word_1_324' title='bbox 254 3957 327 4030; x_wconf 92' lang='lat' dir='ltr'><strong>quo</strong></span> <span class='ocrx_word' id='word_1_325' title='bbox 348 3945 431 4004; x_wconf 91' lang='lat' dir='ltr'><strong>sunt</strong></span> <span class='ocrx_word' id='word_1_326' title='bbox 452 3929 587 4002; x_wconf 86' lang='lat' dir='ltr'><strong>omnia.</strong></span> <span class='ocrx_word' id='word_1_327' title='bbox 609 3927 711 4000; x_wconf 88' lang='lat' dir='ltr'><strong>Unde</strong></span> <span class='ocrx_word' id='word_1_328' title='bbox 724 3928 941 4008; x_wconf 86' lang='lat' dir='ltr'><strong>¹Gennadius</strong></span> <span class='ocrx_word' id='word_1_329' title='bbox 966 3927 1009 3999; x_wconf 85' lang='lat' dir='ltr'><strong>de</strong></span> <span class='ocrx_word' id='word_1_330' title='bbox 1033 3926 1241 4000; x_wconf 74' lang='lat' dir='ltr'><strong>Orthodoxa</strong></span> <span class='ocrx_word' id='word_1_331' title='bbox 1262 3929 1336 4027; x_wconf 82' lang='lat' dir='ltr'><strong>fide</strong></span> <span class='ocrx_word' id='word_1_332' title='bbox 1354 3931 1470 4027; x_wconf 89' lang='lat' dir='ltr'><strong>capite</strong></span> <span class='ocrx_word' id='word_1_333' title='bbox 1490 3932 1568 4001; x_wconf 59' lang='lat' dir='ltr'><strong>ns,</strong></span> <span class='ocrx_word' id='word_1_334' title='bbox 1590 3929 1710 4000; x_wconf 86' lang='lat' dir='ltr'><strong>«Satis</strong></span> <span class='ocrx_word' id='word_1_335' title='bbox 1728 3943 1792 4021; x_wconf 87' lang='lat' dir='ltr'><strong>est,</strong></span> 
     </span>
    </p>
   </div>
   <div class='ocr_carea' id='block_1_4' title="bbox 150 4046 1811 4863">
    <p class='ocr_par' dir='ltr' id='par_1_5' title="bbox 150 4046 1811 4863">
     <span class='ocr_line' id='line_1_30' title="bbox 208 4046 1792 4149; baseline -0.001 -28"><span class='ocrx_word' id='word_1_336' title='bbox 208 4052 343 4149; x_wconf 90' lang='lat' dir='ltr'><strong>inquit,</strong></span> <span class='ocrx_word' id='word_1_337' title='bbox 372 4049 566 4123; x_wconf 88' lang='lat' dir='ltr'><strong>christiano</strong></span> <span class='ocrx_word' id='word_1_338' title='bbox 591 4072 710 4119; x_wconf 89' lang='lat' dir='ltr'><strong>rerum</strong></span> <span class='ocrx_word' id='word_1_339' title='bbox 732 4062 933 4119; x_wconf 85' lang='lat' dir='ltr'><strong>creatarum</strong></span> <span class='ocrx_word' id='word_1_340' title='bbox 960 4069 1104 4119; x_wconf 90' lang='lat' dir='ltr'><strong>causam</strong></span> <span class='ocrx_word' id='word_1_341' title='bbox 1134 4047 1278 4118; x_wconf 89' lang='lat' dir='ltr'><strong>nonnisi</strong></span> <span class='ocrx_word' id='word_1_342' title='bbox 1301 4046 1447 4120; x_wconf 87' lang='lat' dir='ltr'><strong>credere</strong></span> <span class='ocrx_word' id='word_1_343' title='bbox 1471 4048 1669 4121; x_wconf 91' lang='lat' dir='ltr'><strong>bonitatem</strong></span> <span class='ocrx_word' id='word_1_344' title='bbox 1697 4072 1792 4120; x_wconf 89' lang='lat' dir='ltr'><strong>crea·</strong></span> 
     </span>
     <span class='ocr_line' id='line_1_31' title="bbox 150 4165 1792 4267; baseline -0.002 -25"><span class='ocrx_word' id='word_1_345' title='bbox 150 4213 156 4221; x_wconf 92' lang='lat'><strong>·</strong></span> <span class='ocrx_word' id='word_1_346' title='bbox 208 4172 316 4260; x_wconf 90' lang='lat' dir='ltr'><strong>toris;</strong></span> <span class='ocrx_word' id='word_1_347' title='bbox 340 4170 546 4265; x_wconf 88' lang='lat' dir='ltr'><strong>nullamque</strong></span> <span class='ocrx_word' id='word_1_348' title='bbox 571 4191 646 4239; x_wconf 89' lang='lat' dir='ltr'><strong>esse</strong></span> <span class='ocrx_word' id='word_1_349' title='bbox 665 4181 829 4240; x_wconf 87' lang='lat' dir='ltr'><strong>naturam</strong></span> <span class='ocrx_word' id='word_1_350' title='bbox 853 4191 932 4265; x_wconf 86' lang='lat' dir='ltr'><strong>quae</strong></span> <span class='ocrx_word' id='word_1_351' title='bbox 955 4191 1029 4238; x_wconf 91' lang='lat' dir='ltr'><strong>non</strong></span> <span class='ocrx_word' id='word_1_352' title='bbox 1050 4179 1111 4238; x_wconf 90' lang='lat' dir='ltr'><strong>aut</strong></span> <span class='ocrx_word' id='word_1_353' title='bbox 1133 4165 1209 4264; x_wconf 88' lang='lat' dir='ltr'><strong>ipse</strong></span> <span class='ocrx_word' id='word_1_354' title='bbox 1231 4165 1289 4257; x_wconf 92' lang='lat' dir='ltr'><strong>sit,</strong></span> <span class='ocrx_word' id='word_1_355' title='bbox 1309 4180 1373 4240; x_wconf 90' lang='lat' dir='ltr'><strong>aut</strong></span> <span class='ocrx_word' id='word_1_356' title='bbox 1392 4165 1439 4238; x_wconf 91' lang='lat' dir='ltr'><strong>ab</strong></span> <span class='ocrx_word' id='word_1_357' title='bbox 1465 4168 1556 4267; x_wconf 85' lang='lat' dir='ltr'><strong>ipso.</strong></span> <span class='ocrx_word' id='word_1_358' title='bbox 1573 4197 1591 4236; x_wconf 82' lang='lat' dir='ltr'><strong>n</strong></span> <span class='ocrx_word' id='word_1_359' title='bbox 1611 4171 1792 4260; x_wconf 88' lang='lat' dir='ltr'><strong>Naturam,</strong></span> 
     </span>
     <span class='ocr_line' id='line_1_32' title="bbox 209 4283 1794 4385; baseline -0.001 -26"><span class='ocrx_word' id='word_1_360' title='bbox 209 4303 248 4361; x_wconf 93' lang='lat' dir='ltr'><strong>ut</strong></span> <span class='ocrx_word' id='word_1_361' title='bbox 266 4289 432 4382; x_wconf 89' lang='lat' dir='ltr'><strong>arbitror,</strong></span> <span class='ocrx_word' id='word_1_362' title='bbox 458 4288 531 4360; x_wconf 84' lang='lat' dir='ltr'><strong>sive</strong></span> <span class='ocrx_word' id='word_1_363' title='bbox 554 4311 629 4358; x_wconf 89' lang='lat' dir='ltr'><strong>rem</strong></span> <span class='ocrx_word' id='word_1_364' title='bbox 654 4285 852 4360; x_wconf 89' lang='lat' dir='ltr'><strong>naturalem</strong></span> <span class='ocrx_word' id='word_1_365' title='bbox 876 4284 975 4373; x_wconf 90' lang='lat' dir='ltr'><strong>dicit,</strong></span> <span class='ocrx_word' id='word_1_366' title='bbox 1004 4309 1083 4381; x_wconf 86' lang='lat' dir='ltr'><strong>quae</strong></span> <span class='ocrx_word' id='word_1_367' title='bbox 1109 4283 1156 4357; x_wconf 89' lang='lat' dir='ltr'><strong>ad</strong></span> <span class='ocrx_word' id='word_1_368' title='bbox 1177 4284 1343 4357; x_wconf 82' lang='lat' dir='ltr'><strong>humanae</strong></span> <span class='ocrx_word' id='word_1_369' title='bbox 1363 4287 1581 4385; x_wconf 89' lang='lat' dir='ltr'><strong>operationis</strong></span> <span class='ocrx_word' id='word_1_370' title='bbox 1600 4286 1794 4358; x_wconf 86' lang='lat' dir='ltr'><strong>efficaciam</strong></span> 
     </span>
     <span class='ocr_line' id='line_1_33' title="bbox 208 4402 1811 4505; baseline -0.003 -23"><span class='ocrx_word' id='word_1_371' title='bbox 208 4435 283 4483; x_wconf 92' lang='lat' dir='ltr'><strong>non</strong></span> <span class='ocrx_word' id='word_1_372' title='bbox 300 4410 436 4482; x_wconf 90' lang='lat' dir='ltr'><strong>attinet.</strong></span> <span class='ocrx_word' id='word_1_373' title='bbox 461 4412 551 4479; x_wconf 90' lang='lat' dir='ltr'><strong>Nam</strong></span> <span class='ocrx_word' id='word_1_374' title='bbox 570 4420 756 4505; x_wconf 87' lang='lat' dir='ltr'><strong>peccatum</strong></span> <span class='ocrx_word' id='word_1_375' title='bbox 778 4418 814 4478; x_wconf 90' lang='lat' dir='ltr'><strong>et</strong></span> <span class='ocrx_word' id='word_1_376' title='bbox 838 4402 977 4477; x_wconf 90' lang='lat' dir='ltr'><strong>idolum</strong></span> <span class='ocrx_word' id='word_1_377' title='bbox 1000 4418 1121 4478; x_wconf 89' lang='lat' dir='ltr'><strong>nostra</strong></span> <span class='ocrx_word' id='word_1_378' title='bbox 1137 4404 1249 4500; x_wconf 86' lang='lat' dir='ltr'><strong>magis</strong></span> <span class='ocrx_word' id='word_1_379' title='bbox 1264 4404 1417 4477; x_wconf 85' lang='lat' dir='ltr'><strong>dicenda</strong></span> <span class='ocrx_word' id='word_1_380' title='bbox 1439 4420 1521 4477; x_wconf 92' lang='lat' dir='ltr'><strong>sunt</strong></span> <span class='ocrx_word' id='word_1_381' title='bbox 1544 4429 1669 4504; x_wconf 86' lang='lat' dir='ltr'><strong>opera,</strong></span> <span class='ocrx_word' id='word_1_382' title='bbox 1685 4430 1811 4504; x_wconf 51' lang='lat' dir='ltr'><strong>quam¹</strong></span> 
     </span>
     <span class='ocr_line' id='line_1_34' title="bbox 208 4522 1792 4624; baseline -0.006 -23"><span class='ocrx_word' id='word_1_383' title='bbox 208 4543 356 4601; x_wconf 83' lang='lat' dir='ltr'><strong>naturae.</strong></span> <span class='ocrx_word' id='word_1_384' title='bbox 371 4526 476 4598; x_wconf 90' lang='lat' dir='ltr'><strong>Unde</strong></span> <span class='ocrx_word' id='word_1_385' title='bbox 487 4525 678 4624; x_wconf 80' lang='lat' dir='ltr'><strong>Apostolus</strong></span> <span class='ocrx_word' id='word_1_386' title='bbox 689 4528 713 4617; x_wconf 76' lang='lat'><strong>⁸,</strong></span> <span class='ocrx_word' id='word_1_387' title='bbox 731 4524 911 4615; x_wconf 79' lang='lat' dir='ltr'><strong>«Scimus,</strong></span> <span class='ocrx_word' id='word_1_388' title='bbox 925 4524 1053 4621; x_wconf 90' lang='lat' dir='ltr'><strong>iuquit,</strong></span> <span class='ocrx_word' id='word_1_389' title='bbox 1067 4523 1238 4620; x_wconf 92' lang='lat' dir='ltr'><strong>qnoniam</strong></span> <span class='ocrx_word' id='word_1_390' title='bbox 1251 4522 1338 4595; x_wconf 90' lang='lat' dir='ltr'><strong>nihil</strong></span> <span class='ocrx_word' id='word_1_391' title='bbox 1351 4535 1402 4596; x_wconf 89' lang='lat' dir='ltr'><strong>est</strong></span> <span class='ocrx_word' id='word_1_392' title='bbox 1415 4522 1553 4596; x_wconf 92' lang='lat' dir='ltr'><strong>idolum</strong></span> <span class='ocrx_word' id='word_1_393' title='bbox 1566 4525 1603 4596; x_wconf 90' lang='lat' dir='ltr'><strong>in</strong></span> <span class='ocrx_word' id='word_1_394' title='bbox 1616 4524 1792 4612; x_wconf 84' lang='lat' dir='ltr'><strong>mundo,»</strong></span> 
     </span>
     <span class='ocr_line' id='line_1_35' title="bbox 208 4640 1795 4739; baseline -0.004 -19"><span class='ocrx_word' id='word_1_395' title='bbox 208 4648 281 4720; x_wconf 90' lang='lat' dir='ltr'><strong>hoc</strong></span> <span class='ocrx_word' id='word_1_396' title='bbox 306 4659 359 4717; x_wconf 93' lang='lat' dir='ltr'><strong>est</strong></span> <span class='ocrx_word' id='word_1_397' title='bbox 380 4669 454 4717; x_wconf 71' lang='lat' dir='ltr'><strong>ttoni</strong></span> <span class='ocrx_word' id='word_1_398' title='bbox 480 4658 533 4716; x_wconf 90' lang='lat' dir='ltr'><strong>est</strong></span> <span class='ocrx_word' id='word_1_399' title='bbox 551 4643 689 4715; x_wconf 92' lang='lat' dir='ltr'><strong>idolum</strong></span> <span class='ocrx_word' id='word_1_400' title='bbox 712 4642 759 4714; x_wconf 91' lang='lat' dir='ltr'><strong>de</strong></span> <span class='ocrx_word' id='word_1_401' title='bbox 782 4641 956 4714; x_wconf 83' lang='lat' dir='ltr'><strong>universis</strong></span> <span class='ocrx_word' id='word_1_402' title='bbox 981 4641 1153 4713; x_wconf 86' lang='lat' dir='ltr'><strong>creaturis</strong></span> <span class='ocrx_word' id='word_1_403' title='bbox 1168 4640 1249 4733; x_wconf 84' lang='lat' dir='ltr'><strong>Dei,</strong></span> <span class='ocrx_word' id='word_1_404' title='bbox 1268 4665 1385 4739; x_wconf 90' lang='lat' dir='ltr'><strong>neque</strong></span> <span class='ocrx_word' id='word_1_405' title='bbox 1406 4640 1451 4713; x_wconf 92' lang='lat' dir='ltr'><strong>ad</strong></span> <span class='ocrx_word' id='word_1_406' title='bbox 1472 4666 1525 4714; x_wconf 89' lang='lat' dir='ltr'><strong>res</strong></span> <span class='ocrx_word' id='word_1_407' title='bbox 1548 4643 1739 4736; x_wconf 87' lang='lat' dir='ltr'><strong>naturales,</strong></span> <span class='ocrx_word' id='word_1_408' title='bbox 1760 4658 1795 4714; x_wconf 90' lang='lat' dir='ltr'><strong>et</strong></span> 
     </span>
     <span class='ocr_line' id='line_1_36' title="bbox 209 4758 1794 4863; baseline -0.004 -24"><span class='ocrx_word' id='word_1_409' title='bbox 209 4766 256 4839; x_wconf 91' lang='lat' dir='ltr'><strong>ad</strong></span> <span class='ocrx_word' id='word_1_410' title='bbox 280 4766 356 4863; x_wconf 90' lang='lat' dir='ltr'><strong>ipsa</strong></span> <span class='ocrx_word' id='word_1_411' title='bbox 383 4775 516 4834; x_wconf 86' lang='lat' dir='ltr'><strong>naturae</strong></span> <span class='ocrx_word' id='word_1_412' title='bbox 532 4786 639 4861; x_wconf 85' lang='lat' dir='ltr'><strong>opera</strong></span> <span class='ocrx_word' id='word_1_413' title='bbox 655 4761 849 4860; x_wconf 85' lang='lat' dir='ltr'><strong>portinent,</strong></span> <span class='ocrx_word' id='word_1_414' title='bbox 868 4786 947 4859; x_wconf 81' lang='lat' dir='ltr'><strong>quae</strong></span> <span class='ocrx_word' id='word_1_415' title='bbox 963 4758 1009 4831; x_wconf 88' lang='lat' dir='ltr'><strong>de</strong></span> <span class='ocrx_word' id='word_1_416' title='bbox 1032 4759 1170 4831; x_wconf 92' lang='lat' dir='ltr'><strong>mundo</strong></span> <span class='ocrx_word' id='word_1_417' title='bbox 1188 4783 1264 4832; x_wconf 89' lang='lat' dir='ltr'><strong>esse</strong></span> <span class='ocrx_word' id='word_1_418' title='bbox 1288 4761 1468 4853; x_wconf 89' lang='lat' dir='ltr'><strong>dicuutur,</strong></span> <span class='ocrx_word' id='word_1_419' title='bbox 1493 4761 1555 4834; x_wconf 91' lang='lat' dir='ltr'><strong>sed</strong></span> <span class='ocrx_word' id='word_1_420' title='bbox 1572 4761 1618 4834; x_wconf 93' lang='lat' dir='ltr'><strong>ad</strong></span> <span class='ocrx_word' id='word_1_421' title='bbox 1636 4775 1794 4832; x_wconf 89' lang='lat' dir='ltr'><strong>nostram</strong></span> 
     </span>
    </p>
   </div>
   <div class='ocr_carea' id='block_1_5' title="bbox 214 5068 1789 5222">
    <p class='ocr_par' dir='ltr' id='par_1_6' title="bbox 214 5068 1789 5222">
     <span class='ocr_line' id='line_1_37' title="bbox 246 5068 1789 5139; baseline -0.005 -11"><span class='ocrx_word' id='word_1_422' title='bbox 246 5078 365 5139; x_wconf 62' lang='lat' dir='ltr'><strong>tensuit.</strong></span> <span class='ocrx_word' id='word_1_423' title='bbox 380 5076 409 5127; x_wconf 82' lang='lat' dir='ltr'><strong>de</strong></span> <span class='ocrx_word' id='word_1_424' title='bbox 422 5074 568 5138; x_wconf 70' lang='lat' dir='ltr'><strong>cinctui,</strong></span> <span class='ocrx_word' id='word_1_425' title='bbox 588 5074 630 5126; x_wconf 86' lang='lat' dir='ltr'><strong>ttb.</strong></span> <span class='ocrx_word' id='word_1_426' title='bbox 643 5072 691 5135; x_wconf 81' lang='lat' dir='ltr'><strong>xt,</strong></span> <span class='ocrx_word' id='word_1_427' title='bbox 702 5087 755 5136; x_wconf 82' lang='lat' dir='ltr'><strong>cap.</strong></span> <span class='ocrx_word' id='word_1_428' title='bbox 770 5083 795 5122; x_wconf 77' lang='lat' dir='ltr'><strong>x.</strong></span> <span class='ocrx_word' id='word_1_429' title='bbox 809 5077 856 5109; x_wconf 72' lang='lat'><strong>-2</strong></span> <span class='ocrx_word' id='word_1_430' title='bbox 871 5072 974 5133; x_wconf 69' lang='lat' dir='ltr'><strong>August.</strong></span> <span class='ocrx_word' id='word_1_431' title='bbox 1029 5070 1095 5133; x_wconf 83' lang='lat' dir='ltr'><strong>apud</strong></span> <span class='ocrx_word' id='word_1_432' title='bbox 1116 5068 1282 5133; x_wconf 82' lang='lat' dir='ltr'><strong>Gennadium,</strong></span> <span class='ocrx_word' id='word_1_433' title='bbox 1303 5072 1347 5121; x_wconf 83' lang='lat' dir='ltr'><strong>sed</strong></span> <span class='ocrx_word' id='word_1_434' title='bbox 1362 5073 1429 5134; x_wconf 81' lang='lat' dir='ltr'><strong>apud</strong></span> <span class='ocrx_word' id='word_1_435' title='bbox 1449 5072 1628 5135; x_wconf 67' lang='lat' dir='ltr'><strong>tumentium,</strong></span> <span class='ocrx_word' id='word_1_436' title='bbox 1643 5070 1789 5134; x_wconf 63' lang='lat' dir='ltr'><strong>dahiud,</strong></span> 
     </span>
     <span class='ocr_line' id='line_1_38' title="bbox 214 5150 1563 5222; baseline -0.004 -14"><span class='ocrx_word' id='word_1_437' title='bbox 214 5155 339 5222; x_wconf 57' lang='lat' dir='ltr'><strong>Censen„</strong></span> <span class='ocrx_word' id='word_1_438' title='bbox 357 5158 398 5208; x_wconf 86' lang='lat' dir='ltr'><strong>ttb.</strong></span> <span class='ocrx_word' id='word_1_439' title='bbox 414 5155 467 5218; x_wconf 79' lang='lat' dir='ltr'><strong>tlt,</strong></span> <span class='ocrx_word' id='word_1_440' title='bbox 484 5169 537 5219; x_wconf 87' lang='lat' dir='ltr'><strong>cap.</strong></span> <span class='ocrx_word' id='word_1_441' title='bbox 555 5167 586 5206; x_wconf 85' lang='lat' dir='ltr'><strong>tr.</strong></span> <span class='ocrx_word' id='word_1_442' title='bbox 603 5180 629 5190; x_wconf 95' lang='lat'>-</span> <span class='ocrx_word' id='word_1_443' title='bbox 642 5152 700 5204; x_wconf 76' lang='lat' dir='ltr'><strong>’lite</strong></span> <span class='ocrx_word' id='word_1_444' title='bbox 715 5153 783 5202; x_wconf 83' lang='lat' dir='ltr'><strong>locus</strong></span> <span class='ocrx_word' id='word_1_445' title='bbox 794 5164 843 5201; x_wconf 89' lang='lat' dir='ltr'><strong>uon</strong></span> <span class='ocrx_word' id='word_1_446' title='bbox 854 5152 976 5214; x_wconf 83' lang='lat' dir='ltr'><strong>reperitur</strong></span> <span class='ocrx_word' id='word_1_447' title='bbox 1028 5165 1082 5215; x_wconf 86' lang='lat' dir='ltr'><strong>cap.</strong></span> <span class='ocrx_word' id='word_1_448' title='bbox 1095 5165 1129 5202; x_wconf 78' lang='lat' dir='ltr'><strong>ta.</strong></span> <span class='ocrx_word' id='word_1_449' title='bbox 1145 5178 1173 5189; x_wconf 93' lang='lat'><em>-</em></span> <span class='ocrx_word' id='word_1_450' title='bbox 1185 5158 1193 5185; x_wconf 79' lang='lat'>⁴</span> <span class='ocrx_word' id='word_1_451' title='bbox 1204 5150 1322 5204; x_wconf 77' lang='lat' dir='ltr'><strong>Corinth.</strong></span> <span class='ocrx_word' id='word_1_452' title='bbox 1333 5152 1355 5214; x_wconf 84' lang='lat' dir='ltr'><strong>t,</strong></span> <span class='ocrx_word' id='word_1_453' title='bbox 1371 5165 1425 5214; x_wconf 86' lang='lat' dir='ltr'><strong>cap.</strong></span> <span class='ocrx_word' id='word_1_454' title='bbox 1438 5165 1491 5216; x_wconf 85' lang='lat' dir='ltr'><strong>nn,</strong></span> <span class='ocrx_word' id='word_1_455' title='bbox 1503 5165 1527 5204; x_wconf 84' lang='lat' dir='ltr'><strong>x.</strong></span> <span class='ocrx_word' id='word_1_456' title='bbox 1539 5156 1563 5204; x_wconf 86' lang='lat' dir='ltr'><strong>t.</strong></span> 
     </span>
    </p>
   </div>
   <div class='ocr_carea' id='block_1_6' title="bbox 0 0 2284 6100">
    <p class='ocr_par' dir='ltr' id='par_1_7' title="bbox 0 0 2284 6100">
     <span class='ocr_line' id='line_1_39' title="bbox 0 0 2284 6100; baseline 0 0"><span class='ocrx_word' id='word_1_457' title='bbox 0 0 2284 6100; x_wconf 95' lang='lat' dir='ltr'><strong> </strong></span> 
     </span>
    </p>
   </div>
  </div>
 </body>
</html>
