4559 6100
699 470 744 545 ΙΝ
768 468 1015 544 EPlSTOLAM
1039 473 1100 546 AD
1124 471 1348 547 ROMANOS.
1749 464 1818 542 fbf

228 618 327 691 tione
352 616 485 690 caeteris
512 617 715 716 precellens
734 644 742 689 ε
763 631 887 717 utpote
909 620 973 715 qui
1000 629 1123 719 raptus
1147 634 1201 694 est
1231 621 1279 694 ad
1304 619 1448 691 tertium
1464 617 1614 708 coelum,
1635 629 1671 689 et
1685 614 1822 689 audivit

228 761 361 811 arcana
373 736 501 827 verba,
523 761 600 835 quae
624 762 700 809 non
723 737 805 810 licet
821 738 961 813 homini
985 738 1099 837 loqui.
1119 745 1148 811 A
1166 764 1240 837 quo
1257 740 1365 819 etiam
1380 739 1457 837 ipse
1478 738 1619 837 primus
1635 735 1818 833 apostolo·

229 881 310 928 rum
339 858 587 955 aperniciosa
614 856 841 930 simulatione
870 873 1053 954 correctus
1078 873 1153 952 est,
1181 874 1218 933 et
1245 860 1411 931 universa
1437 856 1592 930 Ecclesia
1617 854 1821 954 spiritaliter

228 977 423 1065 instructa,
441 991 481 1049 ut
508 979 602 1050 inter
617 964 796 1051 'universa
824 994 1031 1051 sanctorum
1053 980 1185 1077 scripta
1210 978 1286 1075 ejus
1313 977 1477 1076 Epistolae
1502 974 1726 1075 privilegium
1748 984 1821 1043 tam

230 1094 381 1168 utilitate
402 1120 512 1193 quam
536 1095 729 1169 subtilitate
751 1097 889 1195 adeptae
911 1100 996 1209 sint.
1024 1103 1186 1187 Quarum
1208 1122 1308 1170 nuno
1332 1099 1437 1169 istam
1463 1120 1542 1193 quae
1568 1093 1616 1167 ad
1640 1096 1822 1164 Romanos

230 1213 408 1311 dirigitur,
428 1215 680 1314 exponendam
698 1217 939 1315 suscepimus,
959 1241 1038 1314 quae
1054 1219 1219 1289 omnium
1234 1217 1555 1289 eruditissimorum
1575 1212 1726 1311 judicio,
1748 1224 1821 1282 tam

230 1317 355 1406 litterae
369 1333 577 1410 difficultate
594 1358 703 1432 quam
717 1335 898 1407 rationum
916 1335 1111 1408 subtilitate
1125 1336 1296 1435 implicita
1309 1351 1374 1409 est.

283 1481 302 1521 u
322 1455 463 1525 Seruus.
488 1457 616 1526 »Cum
640 1452 734 1527 dicat
755 1453 926 1553 apostolis
950 1456 1172 1527 Dominus¹:
1202 1484 1220 1524 u
1238 1460 1318 1528 lam
1341 1480 1417 1528 non
1442 1454 1562 1527 dicam
1586 1477 1652 1526 vos
1679 1476 1817 1542 servos,

231 1571 297 1645 sed
320 1573 475 1664 amicos,
497 1601 515 1641 u
534 1596 645 1670 quare
661 1597 760 1645 nunc
776 1572 966 1673 Apostolus
982 1599 1019 1646 se
1039 1598 1183 1646 servum
1198 1574 1413 1674 appellavit?
1431 1576 1476 1647 At
1493 1596 1596 1660 vero,
1621 1586 1661 1644 ut
1678 1585 1821 1670 praeter·

230 1690 415 1764 mittamus
432 1691 650 1788 distinguere
671 1691 746 1765 duo
769 1716 900 1788 genera
919 1718 1123 1786 servorum,
1140 1693 1178 1766 id
1194 1710 1247 1767 est
1263 1693 1525 1791 subjectorum,
1544 1716 1699 1790 quorum
1722 1689 1822 1763 vide·

231 1809 314 1882 licet
337 1810 425 1882 alios
451 1812 560 1883 timor
585 1835 699 1911 poenae
724 1811 903 1909 subjectos
923 1827 1042 1906 tenet3
1065 1814 1111 1887 de
1134 1813 1266 1912 quibus
1292 1814 1422 1887 dicitur
1435 1811 1545 1911 quia*
1563 1841 1581 1878 α
1599 1835 1723 1884 servus
1745 1834 1820 1883 nou

233 1943 354 2003 manet
370 1930 408 2001 in
427 1930 539 2003 domo
558 1932 594 2003 in
612 1946 802 2022 aetemum3
817 1960 835 2000 n
853 1947 889 2004 et
904 1933 1039 2005 iterum
1051 1933 1183 2006 illud⁸t
1205 1963 1222 2002 u
1239 1937 1330 2006 Cum
1347 1932 1498 2005 feceritis
1514 1931 1636 2003 omnia
1653 1952 1822 2027 quaecun-

232 2072 304 2145 que
318 2065 495 2148 precepta
515 2049 647 2122 fuerint
659 2052 776 2141 vobis,
794 2051 902 2124 dicite
922 2079 930 2123 ε
954 2053 1054 2125 Servi
1079 2053 1223 2126 inutiles
1245 2076 1388 2140 sumus;
1409 2051 1531 2123 >salios
1553 2073 1700 2148 quoque
1720 2073 1823 2122 amor

233 2165 441 2239 obedientes
459 2167 561 2261 facit,
581 2168 713 2266 quibus
729 2169 876 2267 quidem
893 2170 1065 2244 dicitur⁸z
1090 2202 1108 2238 α
1130 2175 1247 2268 Euge,
1263 2195 1363 2243 serve
1378 2168 1477 2242 bone
1490 2184 1527 2240 et
1544 2168 1819 2260 fidetis‚e10.;‚

231 2284 334 2358 facile
352 2301 423 2378 est,
436 2286 611 2385 praedictae
628 2289 817 2385 quaestioni
831 2291 938 2363 etiam
958 2289 1030 2363 hoc
1053 2288 1164 2363 modo
1186 2289 1425 2388 respondere,
1444 2287 1545 2384 quod
1561 2286 1631 2359 alio
1644 2285 1756 2358 modo
1772 2285 1824 2358 di·

231 2405 326 2477 citur
339 2429 462 2478 servus
478 2407 705 2506 simpliciter,
724 2407 794 2481 alio
813 2409 927 2482 modo
946 2433 1069 2482 servus
1085 2408 1215 2482 dicitur
1228 2408 1378 2501 Christi,
1394 2408 1468 2479 sive
1482 2430 1604 2478 servus
1620 2404 1751 2477 bonus.
1771 2403 1824 2476 lbi

183 2530 190 2543 '
230 2525 330 2596 enim
346 2525 446 2622 quasi
467 2527 607 2600 coactio
623 2526 789 2624 qusedam
804 2552 848 2600 en
864 2529 981 2601 servili
997 2530 1126 2603 timore
1147 2553 1221 2601 non
1239 2527 1440 2600 voluntaria
1455 2524 1629 2622 subjectio
1646 2539 1824 2597 monstra·

231 2657 312 2733 tur,
330 2642 390 2715 hic
406 2668 470 2740 per
486 2668 646 2717 amorem
669 2645 812 2718 filialem
829 2647 1034 2720 obedientia
1050 2647 1268 2743 designatur.
1289 2650 1362 2717 Nec
1384 2646 1531 2717 fortasse
1548 2667 1690 2715 necesse
1710 2658 1765 2716 est
1782 2668 1826 2715 er

227 2762 383 2834 nomine
402 2764 496 2835 servi
525 2764 730 2864 simpliciter
752 2765 912 2864 prolato,
934 2780 1096 2839 coactam
1117 2790 1261 2865 semper
1289 2778 1324 2838 et
1347 2788 1422 2836 non
1448 2762 1687 2835 voluntariam
1708 2760 1826 2860 subje-=

224 2881 390 2954 cuonem
404 2882 549 2979 signari,
562 2885 628 2957 nisi
646 2884 737 2957 forte
750 2909 816 2983 per
832 2884 1044 2982 adjunctum
1058 2885 1209 2984 aliquod
1220 2885 1378 2958 amicalis
1395 2881 1569 2979 subjectio
1586 2893 1824 2972 removeatur,

223 2999 344 3074 veluti
360 3026 444 3074 cum
460 3003 636 3076 dicitur⁸2
662 3034 679 3071 α
700 3008 778 3078 lam
797 3029 872 3078 non
886 3005 1005 3079 dicam
1015 3030 1081 3079 vos
1090 3030 1226 3093 servos,
1244 3004 1308 3079 sed
1324 3004 1473 3077 amicos.
1489 3033 1507 3070 1>
1525 3005 1617 3075 Cum
1629 3003 1727 3075 enim
1742 3001 1827 3075 sub·

221 3119 353 3207 ditur,
376 3153 393 3187 α
413 3122 476 3194 sed
493 3124 647 3214 amicos,
668 3153 686 3190 u
708 3126 810 3223 quasi
830 3125 1056 3198 adversando
1071 3126 1119 3200 ad
1135 3125 1225 3198 illud
1249 3124 1350 3224 quod
1367 3139 1440 3216 est,
1461 3153 1479 3189 α
1498 3145 1638 3210 servos,
1661 3151 1679 3187 »
1698 3119 1828 3192 intelli·

218 3253 367 3334 guntur
387 3264 463 3312 non
486 3243 655 3340 premissi
675 3244 769 3315 servi
793 3244 844 3317 illi
868 3246 931 3343 qui
959 3259 1101 3317 tantum
1122 3260 1208 3317 sunt
1231 3245 1347 3337 servi,
1366 3267 1441 3315 non
1465 3241 1573 3313 etiam
1601 3240 1719 3313 amici.
1749 3238 1827 3310 Alio

214 3358 348 3430 modo
364 3360 575 3456 generaliter
587 3364 680 3436 servi
696 3362 865 3436 dicuntur
878 3388 1006 3437 omnes
1018 3365 1070 3436 illi
1084 3379 1159 3437 tam
1173 3364 1263 3436 boni
1280 3364 1335 3436 vel
1353 3361 1455 3454 mali,
1467 3358 1599 3458 quibus
1615 3357 1747 3430 talenta
1763 3381 1828 3430 sua

210 3478 413 3550 Dominus
437 3481 627 3554 commisit.
649 3464 748 3554 Servi
773 3483 893 3581 itaque
911 3484 1121 3580 generaliter
1136 3484 1329 3573 dicuntur,
1348 3483 1423 3553 sive
1439 3504 1502 3552 eos
1517 3479 1580 3576 qui
1594 3490 1751 3575 presunt
1773 3475 1828 3548 di·

207 3597 346 3695 ligant
360 3597 435 3669 sive
452 3622 548 3691 non,
577 3599 777 3672 dummodo
805 3601 856 3673 eis
881 3603 929 3675 ita
953 3602 1104 3699 subjecti
1119 3603 1210 3695 sint,
1229 3615 1269 3673 ut
1286 3602 1322 3672 in
1341 3623 1468 3672 eorum
1492 3599 1634 3697 penitus
1655 3609 1829 3694 potestate

203 3732 305 3790 tarn
334 3741 393 3788 res
419 3742 546 3789 eorum
568 3743 677 3815 quam
698 3720 767 3819 ipsi
792 3736 1046 3819 permaneant;
1067 3736 1108 3793 ut
1128 3746 1195 3794 nec
1213 3721 1350 3820 seipsos
1368 3743 1435 3790 neo
1460 3716 1596 3815 aliquid
1615 3716 1639 3787 ii
1658 3716 1721 3813 qui
1737 3716 1828 3788 servi

201 3835 405 3909 dicuntur
424 3837 630 3935 possideant
646 3839 847 3938 proprium.
870 3843 948 3912 Hoc
969 3840 1091 3936 itaque
1111 3839 1223 3911 modo
1240 3864 1278 3911 se
1296 3836 1463 3910 hocloco
1478 3834 1669 3935 Apostolus
1687 3859 1829 3907 servum

196 3954 366 4028 Christi
382 3957 570 4030 nominat:
589 3959 648 4029 cui
664 3982 702 4029 se
718 3957 861 4056 penitus
874 3957 924 4031 ita
936 3958 1158 4056 subjecerat,
1178 3973 1218 4031 ut
1236 3957 1326 4030 nihil
1345 3980 1412 4028 suo
1425 3956 1640 4052 relinqueret
1658 3952 1826 4043 arbitrio,

191 4073 278 4146 sed
307 4086 435 4145 totum
449 4099 486 4146 se
499 4074 629 4148 Christi
646 4075 817 4148 subderet
832 4073 1021 4170 voluntati,
1033 4077 1157 4149 dicens
1173 4076 1263 4150 illud
1280 4078 1313 4148 ei
1327 4099 1392 4174 per
1409 4074 1597 4147 omnia⁸zu
1612 4072 1687 4144 Fiat
1700 4072 1829 4144 volun·

192 4207 261 4265 tas
279 4207 405 4264 tua.»
418 4193 508 4280 Quis
523 4194 630 4266 etiam
645 4195 778 4294 culpet,
790 4195 892 4293 quod
905 4220 988 4268 curn
1005 4197 1184 4268 Dominus
1201 4220 1266 4293 per
1285 4194 1434 4290 gratiam
1454 4191 1544 4263 nolit
1559 4191 1633 4288 jam
1647 4191 1830 4288 apostolos

186 4310 417 4413 appellare
434 4335 572 4405 servos,
601 4314 670 4413 ipsi
689 4329 810 4388 tamen
828 4339 894 4412 per
907 4314 1147 4386 humilitatem
1162 4339 1200 4386 se
1220 4337 1344 4386 servos
1363 4311 1621 4411 profiteantur?
1635 4315 1714 4382 Non
1732 4312 1829 4382 enim

184 4433 248 4506 ait
271 4459 285 4502 ε
321 4460 348 4497 α
365 4433 447 4502 lam
464 4454 539 4502 non
559 4431 685 4504 dicetis
700 4457 766 4506 vos
781 4445 916 4525 servos,
931 4433 995 4506 sed
1011 4435 1168 4524 amicos;
1190 4463 1208 4498 υ
1228 4432 1309 4525 sed,
1332 4439 1441 4531 «jam
1457 4455 1532 4503 non
1550 4430 1667 4502 dicam
1680 4455 1746 4502 vos
1759 4454 1831 4502 ser·

183 4577 299 4647 vos,
329 4546 406 4621 sed
422 4549 569 4622 amicos.
587 4581 605 4617 n
620 4556 714 4623 Bene
730 4566 850 4624 autem
866 4553 1076 4651 Apostolus,
1099 4550 1247 4624 eumad
1267 4549 1513 4623 obediendum
1526 4550 1618 4622 alios
1632 4548 1774 4640 invitet,
1792 4567 1831 4618 'se
1895 4529 1905 4546 ⁰

179 4669 404 4771 primitus
419 4664 649 4741 obedientem
661 4669 874 4768 profitetur:
892 4686 932 4746 ut
947 4696 1023 4744 non
1037 4670 1157 4744 solum
1173 4670 1306 4765 uerbo,
1322 4694 1446 4743 verum
1463 4670 1570 4742 etiam
1587 4668 1698 4765 magis
1714 4689 1831 4739 erem·

215 4987 223 5014 ¹
237 4980 347 5034 1⁰⁸⁰·
364 4970 504 5038 ‚stt-'m
521 4990 544 5026 t·
563 4979 600 5031 1⁵.
613 4978 752 5041 -¹loau.‚
769 4994 825 5044 cap.
837 4995 896 5045 uu,
913 4997 935 5033 r.
954 4987 994 5036 tt.
1009 5009 1040 5022 -
1054 4984 1064 5016 ⁸
1077 4982 1147 5046 luc,
1163 4995 1218 5046 ctu.
1233 4995 1297 5044 xru,
1311 4995 1334 5032 r.
1350 4984 1387 5033 1⁰.
1401 4981 1446 5017 -⁴
1456 4979 1552 5040 ltrtttr„
1564 4989 1618 5039 esp.
1635 4988 1696 5038 nr,
1707 4987 1731 5025 r.
1743 4973 1784 5025 tt.
1801 4996 1830 5008 -·
1928 5013 1934 5020 .

160 5071 170 5095 r
198 5065 315 5123 m„
336 5070 408 5119 can.
428 5069 507 5118 sur.
520 5061 558 5111 15.
574 5060 792 5124 -0m1u.‚up.
807 5075 839 5124 rr,
853 5077 875 5114 r.
893 5067 931 5116 10.

344 5166 384 5208 u
1673 5148 1709 5205 st
