4559 6100
867 507 1098 581 DlALOGUS.
1709 506 1780 577 685

195 667 384 750 superetur
399 651 597 725 adversis.»
610 654 675 726 llic
691 655 798 727 etiam
814 655 981 726 virtutem
997 681 1144 730 ornnem
1164 654 1307 730 dillicile
1325 653 1495 727 mobilem
1513 678 1588 726 esse
1605 678 1778 745 asserens,
1879 714 1884 725 „

195 795 279 843 cum
299 772 336 842 in
360 771 529 870 praedicto
552 773 730 868 qualitatis
750 787 900 846 tractatu
919 775 1138 848 Aristotelem
1160 788 1372 874 exponeret,
1397 774 1558 845 scientias
1581 787 1618 844 et
1635 777 1780 846 virtutes

196 891 289 962 inter
314 889 457 962 babitus
472 890 653 963 collocans
661 896 683 984 ¹,
698 922 716 959 κ
727 894 847 964 Virtus
863 894 979 981 enim,
997 894 1132 992 inquit,
1151 895 1218 966 nisi
1236 891 1380 966 difficile
1399 891 1591 978 mutabilis,
1612 916 1687 963 non
1709 907 1775 964 est.

196 1012 319 1105 Neque
341 1009 436 1081 enim
462 1010 525 1106 qui
549 1009 657 1081 semel
680 1011 775 1107 juste
793 1010 950 1107 judicat,
973 1013 1091 1109 justus
1112 1026 1184 1105 est,
1210 1035 1328 1107 neque
1353 1011 1414 1106 qui
1440 1008 1549 1081 semel
1564 1008 1780 1082 adulterium

198 1126 295 1217 lacit,
321 1142 375 1198 est
400 1126 551 1214 adulter,
577 1127 640 1202 sed
666 1153 751 1201 curn
778 1131 844 1203 ista
865 1130 1032 1204 voluntas
1055 1131 1295 1229 cogitatioque
1318 1129 1563 1227 permanserit.
1582 1156 1599 1195 n
1618 1130 1784 1225 Optimus

196 1270 282 1318 vero
306 1261 359 1318 est
384 1245 443 1317 ille
462 1247 572 1319 animi
599 1246 759 1345 habitus,
790 1251 853 1348 qui
875 1250 923 1323 ad
945 1275 1036 1322 verae
1058 1250 1288 1323 beatitudinis
1313 1249 1480 1319 meritum
1504 1271 1572 1318 nos
1599 1246 1781 1335 informat,

196 1364 319 1462 quales
344 1381 427 1437 suot
450 1366 596 1462 singulae
612 1368 749 1441 virtutis
770 1370 905 1467 species
926 1393 1014 1466 quas
1034 1369 1093 1442 alii
1110 1369 1244 1469 plures,
1270 1367 1330 1441 alii
1355 1367 1541 1465 pauciores
1568 1380 1781 1438 statuerunt.

197 1486 358 1556 Socrates
381 1484 542 1581 quidem,
568 1511 633 1585 per
659 1490 948 1587 quamprimum
975 1489 1031 1560 vel
1058 1490 1211 1561 maxime
1236 1487 1381 1558 moralis
1403 1470 1596 1583 disciplinae
1623 1483 1785 1556 studium

196 1604 393 1692 convaluit,
415 1618 570 1699 quatuor
587 1606 726 1676 virtutis
751 1608 886 1705 species
908 1606 1091 1703 distinguit
1115 1634 1124 1677 :
1145 1605 1394 1692 Prudentiam,
1419 1604 1609 1699 justitiam,
1637 1603 1785 1675 sortitu-

196 1721 341 1812 dinem,
371 1724 656 1821 temperantiam.
686 1726 856 1800 Nonnulli
881 1750 966 1799 rero
994 1725 1191 1824 prudentia>
1216 1724 1467 1797 discretionem
1493 1737 1644 1794 matrem
1667 1722 1785 1819 potius

196 1841 269 1913 sive
291 1842 466 1938 originem
485 1842 675 1935 virtutum,
699 1870 808 1942 quarn
829 1847 1014 1935 virtutem,
1040 1847 1243 1917 nominant.
1274 1842 1463 1915 Prudentia
1485 1842 1619 1940 quippe
1639 1855 1692 1913 est
1709 1840 1785 1914 baec

195 1961 273 2058 ipsa
295 1986 439 2033 morum
462 1962 622 2051 scientia,
647 1989 743 2062 quae,
762 1980 988 2038 attractatus
1008 1964 1287 2054 ethicustradit,
1311 1987 1432 2036 rerum
1448 1961 1629 2033 bonarum
1654 1975 1689 2032 et
1712 1985 1786 2033 ma·

195 2080 310 2151 larum
325 2081 471 2153 scientia
488 2078 629 2172 dicitur,
649 2083 720 2154 hoc
740 2096 792 2154 est
812 2086 888 2181 ipsa
903 2082 1085 2156 bonorum
1104 2083 1270 2155 discretio
1287 2083 1360 2154 sive
1377 2080 1568 2170 malorum,
1587 2105 1667 2178 quae
1685 2080 1786 2153 vide-

196 2196 279 2269 licet
301 2198 338 2269 in
362 2222 400 2269 se
424 2198 509 2295 ipsis
532 2201 679 2298 proprie
702 2199 802 2273 bona
825 2200 977 2275 dicenda
1005 2217 1089 2273 sunt
1113 2217 1175 2274 aut
1200 2203 1305 2274 mala.
1332 2198 1504 2288 Quaedam
1531 2199 1663 2270 etenim
1688 2197 1787 2270 bona

197 2329 260 2387 aut
286 2316 380 2388 mala
404 2341 446 2388 ex
471 2341 510 2388 se
536 2318 620 2415 ipsis
640 2320 785 2417 proprie
806 2334 842 2392 et
865 2322 967 2417 quasi
992 2319 1266 2392 substantialiter
1290 2318 1472 2406 dicuntur,
1496 2332 1621 2415 utpote
1637 2317 1787 2389 virtutes

197 2436 281 2532 ipsae
294 2433 351 2506 vel
363 2436 461 2529 vitia,
479 2437 643 2534 quaedam
658 2463 745 2511 vero
760 2464 825 2538 per
838 2440 1003 2513 accidens
1019 2454 1055 2512 et
1070 2465 1136 2539 per
1151 2439 1263 2512 aliud.
1280 2437 1394 2510 Veluti
1414 2461 1565 2534 operum
1580 2453 1786 2509 nostrorum

199 2556 374 2648 actiones,
394 2580 476 2627 curn
495 2556 531 2626 in
550 2580 587 2628 se
605 2558 674 2628 sint
695 2557 956 2650 indifferentes,
979 2583 1022 2631 ex
1038 2561 1239 2632 intentione
1255 2572 1395 2649 tamen,
1414 2580 1456 2628 ex
1473 2580 1545 2652 qua
1561 2555 1783 2654 procedunt,

197 2672 303 2744 bonae
328 2672 497 2747 dicuntur
520 2690 581 2747 aut
604 2677 717 2748 malae.
738 2676 843 2750 Unde
868 2693 904 2749 et
930 2703 1022 2776 saepe
1048 2703 1131 2750 cum
1159 2677 1256 2749 idem
1280 2700 1302 2748 a
1330 2674 1477 2747 diversis
1503 2675 1631 2770 agitur,
1658 2674 1714 2746 vel
1740 2674 1787 2747 ab
1909 2724 1914 2732 ι

197 2791 328 2865 eodem
354 2794 391 2864 in
418 2793 564 2865 diversis
587 2795 810 2893 temporibus
830 2821 898 2895 pro
921 2795 1123 2868 diversitate
1146 2811 1266 2868 tamen
1288 2793 1548 2885 intentionum,
1578 2791 1674 2865 idem
1697 2817 1788 2890 opus

198 2912 336 2985 bonum
370 2912 499 2986 dicitur
525 2929 632 3011 atque
657 2914 805 2989 malum.
834 2919 922 3004 Quae
947 2941 1035 2990 vero
1059 2915 1334 2989 substantialiter
1355 2929 1391 2985 et
1419 2938 1462 2986 ex
1490 2914 1635 3011 propria
1662 2927 1789 2986 natura

198 3031 473 3105 bonadicuntur
483 3047 546 3105 aut
559 3032 670 3122 mala,
689 3035 739 3106 ita
750 3035 976 3134 impermixta
987 3037 1193 3134 perenniter
1202 3047 1360 3122 manent,
1372 3046 1414 3103 ut
1422 3030 1522 3129 quod
1530 3032 1638 3104 semel
1650 3031 1787 3106 bonum

199 3166 269 3243 est,
289 3151 424 3223 malum
446 3176 631 3248 nunquam
651 3154 726 3225 fieri
742 3156 873 3252 possit,
900 3157 955 3227 vel
977 3179 1207 3243 econvers03
1225 3153 1359 3225 horum
1381 3152 1502 3248 itaque
1523 3150 1689 3223 discretio
1714 3167 1788 3226 tam

199 3271 382 3342 bonorum
408 3270 562 3358 scilicet,
586 3296 696 3369 quam
721 3273 899 3345 malorum
928 3274 1118 3371 prudentia
1144 3273 1287 3345 dicitur.
1311 3276 1400 3360 Quae
1426 3268 1573 3367 quidem
1598 3270 1785 3361 discretio,

200 3390 285 3486 quia
310 3413 410 3486 aeque
437 3391 611 3487 perversis
640 3407 679 3463 ut
702 3390 809 3462 bonis
838 3392 952 3463 inesse
983 3405 1099 3489 potest
1125 3388 1333 3464 hominibus
1364 3411 1431 3459 nec
1460 3388 1627 3459 meritum
1652 3387 1786 3481 habet,

85 3551 87 3554 v
201 3530 429 3605 nequaquam
451 3508 564 3580 virtus
581 3510 638 3582 vel
662 3510 819 3609 optimus
842 3510 951 3581 animi
974 3509 1116 3583 habitus
1140 3524 1235 3582 recte
1256 3508 1396 3580 dicitur.
1417 3505 1518 3582 Unde
1543 3506 1745 3579 Aristoteles
1767 3533 1789 3581 a

200 3625 392 3698 virtutibus
418 3626 581 3699 scientias
605 3629 827 3726 distinguens
849 3652 933 3700 cum
961 3629 996 3699 in
1024 3628 1192 3727 praedicto
1218 3626 1400 3726 qualitatis
1418 3637 1570 3697 tractatu
1592 3624 1637 3698 de
1662 3625 1788 3699 habitu
1826 3625 1833 3640 ”

202 3746 365 3843 exempla
387 3745 604 3842 subjiceret’,
630 3747 774 3839 «Tales,
795 3748 932 3844 inquit,
951 3763 1035 3819 sunt
1052 3748 1205 3820 scientiae
1221 3746 1278 3820 vel
1294 3747 1453 3816 virtutes.
1469 3775 1487 3811 n
1508 3748 1625 3831 Quem
1642 3744 1789 3840 quidem

201 3864 322 3935 locum
346 3865 514 3936 Boethius
528 3889 723 3963 exponens,
746 3867 814 3937 ait⁸
836 3896 844 3937 :
866 3894 885 3934 a
901 3866 1103 3939 Aristoteles
1119 3867 1215 3939 enim
1230 3866 1377 3936 virtutes
1393 3887 1467 3934 non
1486 3877 1586 3960 putat
1602 3864 1785 3953 scientias,

204 3997 242 4054 ut
255 3985 435 4072 Socrates3
452 4011 469 4049 u
483 3983 533 4054 sic
546 3996 583 4054 et
597 3980 670 4072 ille,
686 3997 726 4055 ut
736 3984 811 4079 jam
828 4008 936 4083 supra
953 3985 1111 4075 memini,
1128 3986 1227 4084 prius
1245 3996 1367 4054 noster
1382 3995 1418 4052 et
1431 3980 1665 4079 postmodum
1675 3998 1789 4053 vester

202 4103 429 4197 Augustinus,
453 4101 670 4200 quandoque
686 4103 826 4174 virtutis
841 4127 975 4175 nomen
1000 4127 1113 4201 usque
1129 4102 1177 4175 ad
1193 4101 1302 4173 fidem
1322 4101 1429 4172 etiam
1447 4113 1483 4171 et
1498 4124 1599 4198 spem
1616 4101 1786 4189 extendit,

203 4220 422 4317 quandoque
444 4220 489 4293 ad
512 4218 626 4294 solam
642 4222 823 4294 caritatem
846 4220 1048 4312 contrabit,
1067 4246 1146 4318 quae
1161 4220 1328 4293 videlieet
1342 4219 1489 4317 propria
1510 4232 1547 4288 et
1563 4218 1723 4316 specialis
1737 4234 1789 4291 est

203 4338 398 4424 bonorum,
419 4361 503 4408 cum
520 4353 644 4410 ceterae
656 4337 732 4411 duo
752 4354 825 4412 tam
841 4339 1004 4438 reprobis
1020 4346 1133 4438 quain
1149 4339 1269 4411 electis
1282 4339 1356 4408 'sint
1371 4360 1592 4408 communes.
1613 4336 1789 4431 Scriptum

204 4456 338 4551 quippe
364 4469 417 4526 est
435 4481 443 4524 :
473 4484 491 4522 a
504 4455 624 4528 Fides*
648 4457 724 4528 sine
751 4458 921 4556 operibus
936 4458 1051 4529 ouosa
1068 4472 1135 4547 est,
1151 4484 1168 4522 n
1185 4459 1240 4526 et⁵
1258 4483 1276 4523 n
1293 4458 1380 4550 Spes
1397 4453 1590 4549 impiorum
1608 4451 1750 4549 peribit.
1768 4483 1787 4521 n

204 4573 303 4644 Sicut
320 4586 439 4644 autem
462 4570 551 4644 tides
566 4587 629 4644 aut
650 4597 731 4669 spes
752 4576 829 4646 sine
852 4575 1038 4672 operibus,
1062 4574 1205 4646 inutiles
1221 4585 1283 4645 aut
1302 4572 1423 4670 potius
1438 4573 1574 4642 nocivae
1593 4570 1699 4643 nobis
1714 4569 1788 4641 effi·
1870 4635 1874 4640 .

205 4693 360 4776 ciuntur,
388 4692 437 4764 ita
462 4691 567 4764 etiam
591 4691 793 4790 prudentia.
823 4693 931 4788 Magis
954 4694 1087 4791 quippe
1112 4695 1165 4767 rei
1188 4716 1310 4767 sumus
1331 4692 1387 4763 vel
1408 4690 1496 4764 dum
1514 4691 1666 4764 scienter
1690 4689 1789 4787 quod

239 5001 286 5050 'tu
296 5001 446 5053 Praedicom.
456 5001 610 5066 trituratis,
624 5003 702 5066 Opb,
716 5018 743 5066 p.
754 5006 808 5057 nt.
821 5005 971 5069 Acone,
1025 5031 1056 5043 -
1076 5008 1084 5036 ⁴
1108 5005 1205 5070 lacon,
1232 5019 1284 5069 cap.
1303 5019 1333 5069 n,
1352 5018 1375 5054 r.
1399 5007 1438 5055 n.
1461 5029 1488 5041 -
1513 5000 1663 5064 ternae,
1689 5012 1742 5062 rat)-
1762 5012 1791 5058 ¹,

206 5093 261 5143 cap.
273 5095 328 5145 rur,
344 5085 368 5133 3.
385 5110 416 5122 -
429 5086 438 5117 ⁸
449 5084 481 5134 Iu
491 5083 642 5134 Praedieom.
655 5084 775 5146 Antros,
788 5083 864 5148 opp,
875 5099 901 5147 p.
917 5088 970 5138 nt.
1025 5098 1047 5132 r.
1060 5087 1099 5137 28.
1563 5077 1568 5080 i
