4559 6100
483 473 555 546 258
1086 473 1215 546 PETRI
1240 472 1477 547 ABAELARDI

479 622 672 694 surnmatio
689 622 789 718 legis,
807 645 893 693 cum
910 620 1076 694 videlicet
1086 622 1164 694 sine
1178 624 1257 721 ipso
1273 624 1310 693 in
1322 621 1402 717 lege
1416 619 1593 719 proon'ssc
1609 615 1665 688 les
1675 616 1866 714 adimpleri
1877 617 2079 694 mdlateum

478 741 625 813 valeret.
644 740 717 812 Sed
732 754 767 812 et
782 740 813 811 si
829 738 1020 836 diligenter
1034 740 1146 813 verha
1161 740 1248 837 legis
1264 719 1480 831 scrutemur,
1498 759 1678 835 nusquam
1695 738 1752 808 lex
1768 760 1905 810 nomen
1923 739 2078 837 proximi

477 861 547 932 nisi
568 861 615 933 ad
632 859 800 932 homines
822 860 897 956 ejus
914 861 1054 959 populi,
1075 859 1112 931 id
1132 875 1186 932 est
1199 860 1336 933 lutlnici
1360 858 1545 946 extendit,
1570 881 1638 930 nec
1662 880 1816 954 usquam
1828 857 1936 955 apud
1951 883 2019 931 nos
2041 859 2076 930 in

476 993 553 1051 tnta
569 980 648 1076 lege
671 980 785 1078 lingui
809 980 984 1078 scriptum
1003 980 1213 1078 repetitur«
1230 980 1356 1077 diliges
1378 981 1601 1078 proximum,
1619 1007 1639 1044 s
1657 977 1721 1051 sed
1740 1008 1758 1045 e
1775 976 1900 1076 diliges
1920 979 2076 1052 amicum

475 1113 592 1173 tuum.
612 1128 630 1169 n
657 1098 765 1189 Quod
786 1099 989 1196 quidemst
1011 1100 1191 1172 Dominus
1210 1100 1288 1198 ipse
1307 1100 1495 1195 diligenter
1514 1097 1715 1189 anendens,
1742 1123 1828 1170 cum
1847 1098 1881 1170 ei
1907 1097 2076 1171 mandata

472 1217 560 1313 legis
588 1218 689 1291 dives
717 1220 955 1316 iuterrogatio
981 1220 1159 1312 recitaret,
1185 1234 1222 1292 et
1248 1220 1384 1293 diceret
1408 1246 1417 1289 ι
1439 1217 1601 1314 «Diliges
1624 1218 1831 1316 prommnm
1855 1231 1963 1290 tumn
1984 1218 2074 1294 netu

472 1337 681 1435 reipsum»
704 1339 911 1437 proximum
939 1363 1008 1437 pro
1045 1340 1164 1412 amieo
1187 1340 1248 1412 rel
1270 1340 1499 1412 benefactore
1525 1338 1614 1436 poni
1638 1363 1684 1410 es
1708 1338 1880 1435 adjusma
1904 1337 2073 1435 parabola

470 1470 634 1552 potenter
649 1459 868 1532 insinuavit:
885 1457 1079 1531 ostendens
1096 1481 1139 1531 ex
1157 1460 1237 1557 ipso
1251 1459 1370 1531 divitis
1382 1459 1520 1556 judicio
1536 1483 1622 1531 eum
1638 1472 1779 1531 unnim
1794 1458 1859 1556 qui
1874 1458 2072 1532 misericor·

469 1574 569 1648 dium
584 1578 809 1677 impenderat
825 1577 876 1651 illi
893 1581 957 1677 qui
974 1579 1149 1654 inciderat
1165 1580 1203 1650 iu
1220 1580 1389 1670 latrones,
1407 1580 1617 1679 prosimu
1633 1579 1711 1675 ejus
1726 1577 1914 1650 exstitisse.
1935 1582 1985 1649 dc
2005 1603 2070 1676 per

469 1693 540 1767 hoc
555 1697 784 1770 menifestum
801 1712 867 1789 est,
886 1723 971 1771 eum
984 1699 1129 1771 dilectio
1142 1698 1301 1798 proximi
1315 1698 1363 1774 ad
1379 1701 1541 1772 niueum
1551 1711 1697 1772 tantum
1706 1696 2069 1772 secundumlitteram

465 1811 554 1910 legis
569 1817 876 1909 accommodetur,
896 1842 1126 1917 neqrrrrpmm
1146 1833 1363 1918 preceptum
1382 1818 1605 1907 dilectionis,
1631 1817 1733 1915 quod
1748 1819 1787 1889 iu
1804 1817 1883 1914 lege
1898 1831 1964 1908 est,
1986 1843 2067 1916 per·

466 1932 600 2010 lectum
614 1962 693 2011 esse
706 1940 800 2011 sicut
814 1953 868 2012 est
883 1940 1078 2037 Evangelii,
1095 1940 1140 2011 in
1149 1963 1223 2036 quo
1238 1938 1467 2038 precipimus
1479 1953 1517 2010 et
1532 1937 1698 2010 inimicos
1714 1936 1874 2032 diligere,
1894 1951 2002 2034 atque
2017 1938 2067 2012 eis

464 2077 613 2153 quoque
629 2056 860 2150 benefacere,
880 2074 921 2131 ut
936 2059 1048 2133 simiis
1063 2058 1213 2157 permoti
1226 2060 1318 2132 siem
1341 2063 1445 2132 Peter
1460 2056 1627 2151 cmlestis,
1644 2057 1706 2155 qui
1728 2055 1843 2129 solem
1860 2080 1967 2132 suum
1985 2057 2066 2131 lacit

463 2174 552 2246 oriri
574 2201 685 2274 super
706 2177 828 2251 honos
844 2193 882 2252 et
900 2179 1026 2254 mulos
1050 2179 1160 2267 Quod
1175 2178 1322 2278 qtridem
1343 2180 1419 2278 ipse
1441 2177 1632 2278 Apostolus
1651 2175 1864 2270 attendens,
1889 2202 1964 2250 uon
1989 2178 2061 2251 ait:

463 2297 568 2382 «Qui
594 2295 707 2394 diligit
731 2300 960 2397 proximum,
979 2332 996 2367 n
1020 2300 1193 2397 justitiam
1220 2300 1277 2372 vel
1305 2300 1540 2398 Evangelium
1565 2298 1772 2397 adimplet:
1796 2296 1885 2388 sed,
1916 2296 2063 2395 «legem

459 2412 678 2513 adimplet.»

506 2538 552 2605 dt
564 2560 650 2608 nero
668 2561 790 2610 rursus
805 2562 951 2633 marem
964 2541 1170 2637 qrrarstionis
1186 2539 1328 2613 nodum
1343 2539 1575 2628 incurrimus,
1589 2535 1689 2635 quod
1704 2535 1812 2610 diviti
1820 2535 2061 2633 interrogante

457 2652 546 2748 quid
568 2654 732 2727 iaciendo
750 2656 865 2730 mam
886 2672 1059 2734 eternum-
1072 2658 1285 2758 possideret,
1303 2673 1344 2731 et
1357 2657 1405 2732 ab
1420 2660 1500 2757 ipso
1522 2671 1654 2757 postea
1667 2656 1824 2729 recitans
1846 2653 1991 2727 duobus
2013 2656 2060 2730 de

456 2768 649 2844 dilectione
665 2774 735 2845 Dei
748 2789 788 2845 et
802 2777 957 2872 pros-imi
978 2778 1177 2868 medatis,
1193 2778 1380 2877 respondit
1395 2778 1435 2851 ci
1445 2777 1570 2850 dicens
1580 2767 1599 2848 ἰ
1618 2807 1639 2878 a
1654 2780 1731 2848 Hoc
1746 2775 1822 2866 inc,
1839 2788 1878 2847 et
1894 2774 2015 2866 rives,
2038 2809 2055 2842 s

456 2891 651 2986 prasertim
669 2917 753 2966 cnm
771 2894 850 2991 ipse
868 2894 956 2968 alihi
972 2896 1105 2970 dirnt¹r
1125 2927 1146 2967 ι(Ι
1164 2898 1201 2970 Si
1223 2901 1326 2971 enim
1336 2899 1483 2997 diligitis
1503 2923 1567 2970 eos
1589 2898 1654 2995 qni
1675 2920 1740 2968 uns
1759 2894 1927 2989 diligunt,
1945 2917 2057 2991 quam

454 3010 660 3084 mercedem
681 3011 885 3088 hahdsitisi
900 3046 918 3082 s
939 3016 1012 3089 &d
1028 3015 1192 3116 prolecm
1214 3042 1323 3091 nemo
1344 3017 1471 3093 melius
1489 3019 1675 3116 proximus
1689 3014 1747 3088 rel
1770 3013 1907 3087 amisus
1925 3013 2055 3087 intelli·

453 3130 592 3225 gendus
619 3147 719 3226 erat,
746 3158 855 3231 quam
878 3136 913 3209 is
936 3160 1046 3234 quem
1066 3136 1277 3236 designabat
1299 3138 1543 3211 Smnuritemrs
1571 3137 1651 3229 ille,
1680 3135 1745 3234 qui
1773 3132 2055 3207 misericordiam
2176 3178 2185 3193 ·

452 3249 640 3325 vulnerato
663 3253 901 3352 impenderat,
927 3255 966 3329 id
990 3270 1045 3330 est
1065 3256 1228 3332 Christus
1246 3259 1309 3357 <pri
1331 3258 1494 3357 proiecto
1515 3257 1705 3355 proximus
1725 3268 1802 3327 erat
1823 3251 1959 3325 ludaeis
1981 3266 2053 3325 tarn

418 3424 422 3439 .
450 3373 666 3466 cognatione
689 3396 803 3470 mesre
823 3398 916 3447 rerae
939 3377 1097 3450 caritatis
1120 3378 1270 3473 ellectu,
1290 3378 1348 3452 vel
1371 3377 1556 3451 beneficiis
1579 3374 1797 3464 innumeris,
1822 3373 1897 3445 sive
1919 3370 2053 3445 scilieet

449 3490 693 3587 prndicmdo,
719 3494 795 3567 sine
818 3495 991 3569 mosem
1013 3495 1190 3570 iaciendo.
1211 3499 1248 3569 Si
1264 3523 1350 3594 ergo
1364 3498 1467 3571 dives
1485 3496 1545 3570 ille
1567 3518 1720 3569 omnem
1741 3506 1826 3567 tarne
1842 3492 2050 3591 proxinmm

447 3611 521 3681 sire
545 3612 704 3684 amioum
725 3612 901 3708 diligeret,
929 3613 1051 3711 utique
1066 3640 1131 3711 per
1148 3616 1354 3707 Christum
1381 3631 1417 3689 et
1437 3617 1488 3689 sie
1513 3616 1547 3689 ei
1567 3630 1604 3689 et
1627 3614 1813 3714 preceptis
1831 3612 1910 3709 ejus
1932 3611 2050 3684 cohe-

446 3727 562 3799 rendo
576 3729 686 3803 vitam
702 3730 827 3826 utique
845 3744 1002 3805 mmetsrr
1013 3746 1196 3807 eternam.
1211 3736 1284 3808 Nec
1300 3750 1422 3808 tamen
1440 3734 1524 3808 ideo
1550 3748 1769 3834 prrooepmm
1784 3730 1831 3804 de
1856 3730 2048 3804 dilectione

445 3847 601 3943 proximi
622 3862 659 3921 et
676 3849 854 3923 amicivel
867 3849 1121 3947 beennon,
1141 3853 1243 3955 quod
1263 3855 1319 3929 les
1341 3854 1508 3949 dederat,
1526 3855 1726 3954 puseolum
1745 3852 1940 3943 exstimat,
1962 3876 2047 3926 cum

445 3989 675 4066 nequaquem
701 3993 850 4043 omnen
882 3969 1071 4045 hominem
1098 3974 1442 4073 comprehenderet,
1477 3990 1552 4049 torn
1579 3975 1746 4049 amioum·
1772 3971 1908 4044 scilicet
1934 3993 2044 4069 quam

386 4170 388 4177 Α
442 4084 650 4183 inimicum,
670 4088 755 4161 licet
775 4090 886 4163 edam
899 4090 937 4162 in
954 4106 1118 4191 ternpore
1140 4093 1273 4169 Christi
1287 4095 1483 4188 videretur,
1509 4095 1622 4169 immo
1640 4118 1706 4193 per
1726 4094 1848 4192 ipsunt
1861 4089 2043 4164 Christum

441 4205 505 4301 qui
527 4207 604 4303 jam
630 4208 843 4304 aduenerat,
864 4222 901 4282 et
926 4212 1139 4309 proximus,
1153 4229 1194 4289 ut
1219 4214 1357 4289 dicum
1381 4230 1457 4310 est,
1484 4217 1597 4289 iacttrs
1624 4215 1754 4287 fueret.
1781 4211 2043 4285 Perfectionem

440 4340 562 4398 autem
582 4341 672 4400 tunc
691 4327 842 4402 haberet
860 4329 1071 4405 mandatmn
1091 4333 1171 4407 sire
1185 4332 1258 4425 les,
1274 4336 1305 4407 si
1322 4360 1365 4408 ex
1381 4360 1419 4411 se
1434 4337 1487 4409 its
1500 4333 1696 4426 srrihceret,
1715 4346 1757 4405 ut
1773 4330 1862 4405 nihil
1878 4324 2041 4427 unquam

438 4443 486 4517 ad
507 4445 746 4541 integritatem
757 4448 902 4551 justitior
918 4448 1057 4525 deeset
1073 4450 1326 4527 obedientibus
1342 4455 1432 4548 sihi,
1447 4479 1516 4527 neo
1533 4478 1624 4553 opus
1641 4465 1734 4525 esset
1756 4450 1854 4524 aliud
1874 4449 2036 4546 adjungi

437 4564 547 4651 Quod
560 4589 795 4665 nequequam
804 4590 930 4641 verum
945 4584 1018 4664 ort,
1028 4595 1116 4645 oum
1126 4573 1423 4649 ante-adrentum
1435 4573 1584 4667 Christi,
1597 4571 1747 4647 illorum
1756 4574 1822 4668 qni
1833 4584 1920 4642 tunc
1935 4585 2041 4645 emur

435 4684 685 4781 proximorum
714 4700 757 4759 et
780 4688 981 4762 micorum
1007 4690 1152 4765 ‹lilenio
1179 4693 1390 4792 impeffeeta
1412 4708 1526 4786 esset,
1559 4716 1629 4767 nco
1656 4715 1770 4789 osque
1793 4690 1843 4764 ad
1869 4690 2039 4765 inimicos

433 4805 697 4899 extenderetur,
724 4807 815 4878 sicut
837 4821 961 4905 postea
979 4835 1044 4906 per
1065 4811 1246 4883 Christum
1262 4829 1408 4888 extensa
1423 4827 1490 4887 est.
1519 4811 1629 4902 Quod
1646 4835 1732 4883 vero
1753 4811 2037 4910 supradiximus

379 5086 390 5107 '
465 5081 577 5153 utun,
588 5099 682 5151 erpa,
696 5100 718 5137 r.
731 5088 771 5138 46.
