4559 6100
759 498 1018 578 tunoleum
1050 504 1328 580 CHRlS'llANa.
1774 507 1847 581 535

243 679 287 729 ex
302 678 344 727 se
356 668 519 751 generat,
539 669 576 727 et
590 667 673 727 ante
688 678 834 726 omnem
850 653 1071 726 intellectum
1085 671 1245 752 generat,
1263 670 1302 727 ut
1315 659 1413 729 Deus
1429 680 1535 729 verus
1549 659 1667 730 Deum
1679 683 1848 731 verum.»

174 830 176 834 -
240 775 483 872 Hieronymus
500 775 537 847 in
554 774 769 846 diffinitione
786 772 870 846 fidei
890 772 1075 846 catholicae
1095 777 1299 875 Nicaenique
1316 774 1478 874 Symboli
1510 803 1519 846 t
1537 775 1678 865 «Quod
1701 777 1747 850 de
1761 778 1848 851 sub·

240 896 372 969 stantia
387 895 499 966 Patris
515 908 620 969 natus
635 908 688 966 est
704 917 859 992 semper,
878 893 956 991 ipse
969 894 1018 966 ait
1034 895 1199 968 Salvator
1210 896 1247 967 in
1268 895 1499 992 Evangelio¹,
1519 895 1656 984 «Quod
1673 898 1851 970 nascitur‘

240 1037 286 1087 ex
302 1038 412 1088 earne
425 1037 511 1086 caro
536 1029 608 1102 est,
628 1027 664 1086 et
684 1012 786 1111 quod
803 1014 962 1085 nascitur
985 1011 1031 1086 de
1048 1016 1182 1113 Spiritu
1204 1016 1349 1114 spiritus
1372 1028 1445 1105 est,
1465 1015 1638 1114 quoniam
1655 1019 1753 1087 Deus
1776 1018 1848 1115 spi·

240 1134 332 1207 ritus
345 1147 412 1207 est.
429 1161 448 1203 a
462 1132 679 1230 Augustinus
692 1131 737 1203 de
753 1135 930 1206 Trim'tote
945 1133 1038 1207 libro
1052 1138 1098 1228 V,
1118 1135 1236 1234 capite
1249 1136 1332 1206 x111⁸
1348 1162 1356 1206 ε
1380 1166 1395 1201 «
1413 1133 1449 1206 Si
1467 1134 1616 1233 gignens
1634 1133 1681 1207 ad
1693 1135 1733 1207 id
1746 1136 1847 1233 quod

240 1253 353 1349 gignit
374 1253 607 1352 principium,
635 1257 736 1326 Pater
756 1251 802 1325 ad
822 1253 951 1325 Filium
970 1255 1191 1353 principium
1212 1267 1278 1348 est,
1303 1256 1387 1352 quia
1408 1249 1524 1353 gignit*
1537 1279 1634 1328 eum.
1651 1285 1669 1322 s
1686 1254 1786 1327 ldem
1809 1256 1846 1328 in

240 1374 415 1445 Sermone
431 1371 478 1444 de
497 1371 686 1470 Symbola:
710 1372 862 1470 «Multis
882 1372 981 1446 libris
1003 1374 1249 1448 disseruerunt
1266 1375 1365 1447 docti
1381 1389 1417 1446 et
1437 1375 1615 1474 spiritales
1637 1375 1725 1463 viri,
1746 1375 1847 1474 quod

239 1491 301 1567 'tte
317 1492 470 1590 genitor,
488 1493 548 1565 ille
575 1494 729 1590 genitus.
755 1492 817 1565 llle
838 1492 947 1590 hujus
971 1495 1203 1594 principium,
1229 1493 1386 1567 undeet
1409 1509 1516 1595 caput
1542 1494 1675 1566 Christi
1700 1494 1843 1589 dicitur,

240 1614 403 1709 uramus
423 1627 460 1686 et
477 1613 637 1686 Christus
650 1614 883 1712 principium,
909 1614 1065 1687 sednon
1087 1616 1211 1688 Patris.
1231 1616 1297 1687 llic
1313 1639 1400 1688 vero
1421 1615 1514 1688 illius
1531 1616 1665 1713 imago,
1682 1615 1847 1712 quamvis

239 1731 341 1805 nulla
359 1758 402 1805 ex
423 1748 525 1832 parte
540 1734 722 1807 dissimilis
735 1748 771 1806 et
785 1735 937 1806 omnino
957 1734 1203 1808 indifferenter
1218 1734 1364 1834 aequalis
1379 1733 1487 1807 Filius
1509 1735 1604 1807 Patri
1621 1733 1730 1807 debet
1745 1736 1845 1833 quod

238 1865 295 1925 est
313 1879 324 1923 z
340 1851 413 1925 hoc
436 1854 545 1926 etiam
559 1854 696 1927 debens
715 1855 843 1953 utique
861 1855 968 1949 Patri,
993 1855 1094 1953 quod
1112 1856 1207 1927 Patri
1230 1855 1376 1954 aequalis
1392 1870 1446 1927 est
1464 1881 1472 1926 ε
1489 1859 1592 1928 Pater
1612 1868 1733 1927 autem
1757 1856 1846 1928 nulli

239 1969 350 2044 debet
363 1972 540 2070 quidquid
558 1987 624 2045 est.
643 2005 661 2041 a
1281 2062 1288 2072 ο

287 2093 496 2165 Notandum
521 2117 668 2191 quoque
689 2093 790 2192 quod
816 2093 996 2191 Sapientia
1021 2093 1147 2182 Patris,
1165 2093 1223 2166 vel
1245 2098 1357 2165 llmor
1382 2093 1495 2165 Patris
1516 2107 1552 2165 et
1572 2093 1664 2183 Filii,
1688 2117 1774 2166 cum
1799 2094 1847 2168 ad

239 2208 505 2285 distinctionem
530 2236 768 2311 personarum
794 2213 871 2285 Filii
895 2227 930 2285 et
950 2214 1103 2312 Spiritus
1120 2214 1235 2286 sancti
1258 2212 1508 2311 proferantur,
1528 2213 1620 2285 sicut
1639 2227 1675 2285 et
1694 2213 1847 2312 Spiritus

238 2345 386 2403 sauctm
402 2331 449 2404 ad
469 2333 736 2406 distinctionem
753 2333 863 2404 tertiae
876 2357 1052 2432 personae,
1069 2346 1256 2431 tamquam
1269 2333 1418 2430 propria
1433 2333 1592 2431 ipsarum
1608 2356 1844 2433 personarum

239 2451 391 2525 nomina
405 2452 553 2526 relative
568 2467 770 2553 ponuntur,
791 2466 833 2525 ut
845 2453 915 2525 tale
932 2454 978 2525 sit
993 2453 1094 2551 quod
1109 2453 1251 2526 dicatur
1265 2453 1445 2551 Sapientia
1459 2451 1586 2546 Patris,
1606 2453 1690 2525 acsi
1706 2451 1847 2524 dicatur

239 2593 284 2642 ex
309 2572 412 2646 Patre
433 2574 567 2671 genita,
592 2574 694 2672 quod
715 2587 769 2646 est
780 2572 940 2646 Verbum
964 2574 1097 2673 ipsum,
1119 2572 1158 2645 id
1178 2586 1233 2644 est
1251 2572 1377 2660 Filius3
1401 2587 1438 2644 et
1459 2572 1560 2670 quod
1579 2571 1711 2644 dicitur
1734 2577 1846 2643 Amor

239 2690 352 2763 Patris
363 2692 420 2764 vel
433 2693 526 2785 Filii,
544 2717 587 2766 ae
603 2693 634 2764 si
652 2692 794 2764 dicatur
809 2717 854 2764 ex
871 2693 922 2764 eis
935 2691 1152 2792 procedens,
1171 2692 1244 2764 hoc
1260 2704 1315 2764 est
1330 2694 1434 2765 tertia
1448 2693 1510 2766 illa
1526 2716 1681 2792 persona
1695 2691 1847 2790 Spiritus

236 2825 394 2885 mactus.
413 2815 459 2883 Et
473 2815 526 2886 sic
543 2812 692 2912 quidem
709 2811 798 2884 dnm
822 2813 967 2886 relative
985 2826 1173 2912 ponuntur
1196 2813 1272 2884 istae
1288 2813 1483 2903 orationes,
1500 2813 1575 2883 vim
1600 2811 1737 2884 habent
1758 2835 1843 2909 pro·

236 2929 399 3027 priorum
426 2935 618 3006 nominum
644 2932 865 3031 singularum
888 2956 1140 3032 personarum,
1163 2933 1254 3005 sieut
1275 2947 1311 3004 et
1337 2933 1488 3031 Spiritus
1511 2946 1667 3023 sanetus,
1694 2929 1843 3027 quando

235 3073 302 3148 per
327 3054 596 3149 processionem
614 3053 759 3126 dicitur.
788 3054 825 3125 Si
841 3078 929 3126 vero
949 3054 1090 3128 dicatur
1112 3055 1266 3152 Spiritus
1289 3068 1435 3125 sanctus
1457 3054 1700 3125 communiter
1714 3066 1750 3123 et
1768 3076 1843 3122 non

235 3172 406 3268 proprie,
430 3172 503 3245 hoc
525 3188 580 3246 est
602 3173 803 3246 secundum
821 3172 893 3245 hoc
909 3172 1010 3270 quod
1031 3172 1184 3272 quilibet
1206 3173 1357 3272 Spiritus
1377 3171 1497 3245 bonus
1514 3173 1668 3271 Spiritus
1689 3170 1768 3241 talis
1791 3184 1845 3242 est

235 3291 299 3386 qtri
324 3291 371 3362 sit
387 3307 545 3387 mustus,
567 3307 603 3370 et
619 3317 696 3365 non
715 3291 916 3366 secundum
936 3294 1196 3391 proprietatem
1220 3292 1460 3389 processionis
1486 3292 1595 3363 tertiae
1615 3289 1653 3362 in
1670 3290 1843 3361 Trinitate

235 3417 421 3509 personae,
448 3412 532 3484 licet
544 3413 646 3510 juxta
669 3391 816 3484 beatum
845 3435 992 3510 quoque
1019 3412 1269 3508 augustinum,
1297 3424 1372 3483 tam
1399 3414 1539 3483 Patrem
1567 3409 1676 3482 etiam
1700 3410 1841 3508 ipsum,

234 3553 347 3627 quam
362 3531 494 3604 Filium
507 3532 578 3605 dici
592 3532 765 3632 Spiritum
779 3547 956 3604 sanctum.
976 3532 1034 3606 Sic
1048 3532 1198 3604 fortasse
1213 3542 1248 3601 et
1264 3554 1349 3602 cum
1365 3529 1497 3602 dicitur
1511 3529 1695 3627 Sapientia
1714 3527 1839 3617 Patris,

234 3649 294 3724 vel
307 3656 420 3740 Apros
442 3653 566 3743 Patris,
590 3676 666 3725 uon
685 3652 834 3726 relative
849 3652 943 3724 inter
960 3676 1132 3751 personas
1150 3650 1198 3722 ad
1215 3651 1390 3744 invicem,
1411 3665 1451 3722 ut
1468 3649 1634 3722 videlicet
1649 3649 1705 3720 vel
1730 3671 1843 3744 gene-

235 3772 413 3844 rationem
436 3772 512 3843 Filii
529 3773 585 3845 vel
607 3773 878 3871 processionem
896 3772 1048 3870 Spiritus
1074 3771 1369 3859 determinemus,
1395 3769 1528 3843 scilicet
1550 3770 1600 3843 ita
1616 3767 1840 3866 simpliciter,

234 3893 328 3964 acsi
352 3889 581 3964 diceremus:
601 3893 784 3993 Sapientia
806 3892 885 3990 ipsa
901 3915 982 3987 quae
1000 3906 1054 3964 est
1078 3891 1205 3983 Patris,
1233 3889 1289 3962 vel
1312 3895 1421 3961 Amor
1444 3890 1519 3989 ipse
1543 3889 1608 3985 qui
1629 3902 1683 3961 est
1705 3885 1840 3976 Patris,

235 4001 348 4084 immo
373 4007 506 4110 etipse
532 4026 585 4084 est
608 4016 727 4110 Pater,
754 4010 845 4084 nihil
871 4012 1022 4111 impedit
1045 4012 1117 4084 dici
1133 4011 1192 4086 vel
1213 4014 1334 4110 ipsum
1352 4013 1494 4082 Patrem
1519 4033 1596 4082 esse
1621 4006 1842 4107 Sapientiam

234 4133 302 4219 sui,
321 4131 396 4214 huo
415 4144 470 4208 est
485 4155 566 4206 eam
588 4133 704 4231 ipsam
727 4134 948 4231 Sapientiam
969 4156 1043 4231 qua
1062 4132 1213 4229 Sapiens
1233 4145 1299 4223 est,
1318 4131 1431 4202 immo
1450 4143 1487 4202 et
1506 4154 1588 4228 quae
1603 4130 1679 4228 ipse
1699 4144 1765 4218 est,
1782 4127 1840 4200 cui

231 4253 333 4350 juxta
351 4252 589 4349 liugu'stinum
607 4254 729 4345 etiam,
750 4246 847 4325 idem
870 4267 923 4324 est
938 4276 1063 4350 sapere
1081 4251 1182 4349 quod
1196 4275 1293 4344 esse;
1315 4251 1413 4322 etita
1429 4250 1520 4321 sicut
1537 4250 1574 4321 in
1595 4250 1713 4349 seipso
1729 4247 1841 4320 habet

233 4375 370 4471 sapere
384 4371 536 4444 nonad
564 4371 683 4464 aliud,
708 4369 767 4442 vel
791 4371 912 4471 ipsum
940 4371 1101 4444 similiter
1127 4357 1257 4443 Filium
1284 4369 1342 4442 vel
1369 4369 1546 4468 Spiritum
1573 4384 1738 4441 sanctum
1764 4392 1841 4439 esse

234 4492 350 4593 ipsam
375 4517 479 4564 suam
505 4492 743 4592 Sapientiam,
775 4506 811 4563 et
841 4515 1136 4592 unamquamque
1162 4513 1356 4590 personam
1382 4487 1454 4561 hoc
1478 4487 1592 4561 modo
1621 4488 1840 4586 Sapientiam

234 4635 314 4709 quae
339 4626 394 4688 est
420 4612 703 4711 uniuscujusque
729 4635 905 4709 personoe,
934 4612 992 4684 vel
1016 4617 1186 4684 Amorem
1215 4609 1377 4682 similiter
1401 4609 1465 4707 qui
1490 4609 1535 4680 sit
1559 4608 1841 4703 uniuscujusque

234 4756 494 4832 personarum,
521 4755 606 4805 cum
631 4755 856 4829 unaquaeque
880 4754 1117 4831 personarum
1142 4745 1179 4803 et
1202 4727 1416 4806 sapientiam
1439 4727 1574 4801 habeat
1597 4741 1632 4800 et
1658 4749 1833 4814 amorem,

269 5039 374 5104 ΗΜ,
396 5053 451 5104 esp.
471 5055 499 5104 r,
524 5051 548 5090 v.
573 5042 597 5091 a.
617 5035 673 5078 -l
692 5039 740 5102 ap.
758 5036 984 5098 hmmsouod
1006 5041 1097 5088 natum
1123 5041 1160 5088 est
1182 5050 1212 5087 ee
1240 5048 1356 5089 mm...
1382 5035 1454 5094 Quod
1476 5041 1567 5086 netum
1588 5038 1624 5084 est
1646 5032 1675 5082 de
1690 5031 1794 5097 spiritu.
1808 5060 1836 5071 -

233 5122 323 5187 ’opp
337 5130 356 5174 t.
370 5121 435 5173 Vllt.
946 5137 950 5144 ·
