4559 6100
461 427 537 503 676
1066 435 1197 508 PETRI
1223 434 1462 510 ABAEldell

460 624 604 701 cunque
636 601 684 674 ad
713 604 940 702 corporalem
966 604 1025 677 vel
1053 607 1212 703 quietem
1242 605 1302 681 vel
1332 605 1564 680 alllletionem
1589 604 1772 706 pertinent
1797 600 2060 677 beatitudinem

460 737 622 796 nostram
638 721 696 795 vel
715 739 870 820 augeant
884 724 940 797 vel
960 726 1142 820 minuant,
1162 727 1246 800 siin
1271 726 1402 800 οοὼιιι
1426 727 1613 827 proposito
1634 726 1748 799 virtus
1766 736 1926 796 mentem
1943 737 2061 797 msto·

461 840 549 914 diat.
574 847 652 940 lpse
674 842 822 940 quidem
836 844 998 917 Christus
1011 860 1131 917 vester
1145 846 1323 945 nummiid
1340 846 1512 945 patiendo
1530 870 1634 920 stram
1654 844 1786 917 minuit
1800 841 2060 917 beatitudinem

461 976 525 1036 aut
558 962 780 1060 resurgendo
807 964 927 1037 aurit?
957 970 1192 1064 Nequaquam
1220 967 1329 1065 igimr
1362 968 1447 1066 quia
1479 967 1551 1040 illic
1576 980 1716 1040 esmant
1749 962 1953 1063 corporales
1985 964 2061 1037 istae

461 1082 690 1175 afflictiones,
715 1106 784 1156 nos
809 1084 862 1157 ibi
887 1108 1034 1157 censeas
1059 1086 1199 1159 futuros
1218 1086 1409 1180 beatiores,
1431 1088 1462 1160 si
1487 1087 1598 1160 bituri
1623 1109 1700 1158 non
1727 1106 1851 1157 sumus
1876 1081 2057 1157 meliorm.

510 1205 713 1276 Caatsrran.
735 1203 832 1291 Quid
847 1206 879 1278 si
895 1205 1045 1276 sumtu?

510 1326 652 1395 Partes.
671 1323 804 1421 Utique
819 1323 999 1397 beatiores
1016 1325 1100 1422 quia
1117 1325 1297 1399 meliores.

513 1445 655 1515 Partes.
684 1441 805 1534 lllam,
833 1457 874 1515 ut
897 1441 1035 1533 dixisti,
1059 1444 1169 1517 vitam
1195 1468 1263 1545 pro
1286 1445 1422 1519 meritis
1443 1459 1617 1543 tanquam
1641 1441 1801 1518 debitam
1828 1443 2056 1542 exspectatis,

462 1574 634 1657 tanquam
650 1560 710 1634 hic
727 1585 811 1633 cum
827 1562 921 1635 vitiis
938 1586 1058 1662 pugna
1074 1563 1139 1653 sit,
1156 1564 1206 1636 ibi
1221 1564 1379 1637 victoriae
1393 1588 1543 1638 corona.

509 1682 652 1754 Primos.
674 1686 724 1753 lta
741 1681 912 1754 omnibus
928 1696 1056 1781 patens
1072 1696 1136 1755 est.

507 1802 709 1873 Camstran.
730 1803 814 1890 Quo
837 1802 944 1900 igitur
959 1801 1070 1876 modo
1084 1799 1136 1873 ibi
1155 1826 1292 1875 meroes
1308 1802 1514 1903 recipienda
1535 1815 1589 1876 est
1607 1823 1780 1899 agomari,
1802 1799 1832 1871 si
1856 1798 1991 1872 felicius
2005 1797 2057 1873 ibi

459 1943 534 1990 non
563 1920 609 1992 sit
635 1919 850 2009 vivendum,
877 1947 944 1995 nec
966 1920 1027 1994 illa
1055 1922 1127 1994 vita
1150 1922 1196 1993 sit
1219 1923 1383 2020 praesenti
1410 1922 1536 1995 melior
1560 1946 1603 1994 ac
1624 1919 1785 1993 beatior?
1808 1917 1918 2007 Quod
1939 1919 1970 1991 si
1995 1918 2056 1993 illa

458 2062 568 2136 quam
578 2040 657 2112 haec
671 2039 823 2126 beatior,
840 2040 1001 2141 prolecto
1015 2042 1125 2139 etqui
1138 2065 1182 2114 ea
1196 2041 1364 2115 fruuntur
1376 2041 1568 2133 beatiores,
1582 2065 1693 2139 quam
1707 2040 1768 2112 hio
1783 2063 1860 2112 esse
1871 2037 2051 2112 videntur.

506 2144 649 2234 Panos.
670 2159 803 2257 Utique
819 2159 1018 2252 beatiores,
1038 2175 1079 2232 ut
1100 2160 1197 2253 dixi,
1221 2160 1251 2232 si
1276 2160 1458 2234 meliores.
1479 2161 1589 2234 Aliter
1604 2183 1833 2260 nequaquam
1849 2159 2053 2259 recipimus.

338 2350 341 2354 s
458 2281 529 2351 Nec
554 2280 652 2352 enim
675 2280 738 2377 qui
763 2304 938 2353 coronam
963 2280 1114 2379 adeptus
1138 2294 1211 2372 est,
1231 2281 1369 2377 majore
1393 2280 1500 2380 igitur
1514 2280 1685 2380 praeditus
1707 2294 1761 2352 est
1776 2280 1924 2367 virtute,
1945 2303 2055 2377 quam

456 2413 563 2472 antea
587 2399 693 2472 luerit
713 2401 749 2472 in
767 2401 977 2490 certamine,
1002 2425 1070 2472 nec
1087 2399 1164 2496 ejus
1187 2398 1362 2472 fortitudo
1386 2401 1501 2498 major
1516 2415 1570 2473 est
1592 2400 1703 2490 facta,
1723 2399 1806 2471 licet
1829 2397 1941 2497 magis
1963 2424 2055 2472 nun·

455 2542 571 2614 quam.
584 2520 683 2617 prius
699 2519 745 2590 sit
759 2518 913 2617 probata
928 2520 984 2592 vel
1002 2521 1164 2616 cognita,
1182 2520 1296 2592 immo
1312 2545 1355 2592 ex
1373 2521 1451 2619 ipso
1468 2519 1675 2616 gravamine
1693 2518 1883 2593 conflictus
1898 2518 2054 2594 fortassis

456 2636 655 2726 diminuta3
670 2663 738 2710 nec
752 2638 1005 2736 triumphantis
1015 2662 1124 2735 quam
1142 2641 1335 2737 pugnantis
1347 2654 1401 2713 est
1414 2641 1488 2713 vita
1503 2641 1644 2734 melior,
1661 2663 1882 2739 quamquam
1894 2640 2051 2715 suavior.

504 2760 709 2829 Garumna.
727 2760 941 2853 Egestatem,
960 2755 1218 2849 infirmitatem,
1238 2772 1394 2831 mortem
1413 2773 1450 2832 et
1465 2773 1601 2834 ceteras
1624 2758 1881 2834 adversitatum
1898 2758 1953 2832 vel
1976 2783 2055 2858 pas·

455 2878 599 2947 sinuum
634 2876 816 2949 molestias
844 2891 918 2949 tam
947 2878 1054 2950 vestri
1086 2899 1196 2974 quam
1226 2879 1342 2951 nostri
1365 2878 1534 2953 doctores
1557 2894 1594 2954 et
1615 2881 1749 2980 pariter
1774 2879 1928 2953 universi
1952 2878 2054 2953 malis

457 3010 734 3089 connumerant,
758 3009 794 3069 et
809 3010 958 3096 propter
982 2996 1042 3070 illa
1061 3022 1141 3096 quae
1162 2998 1354 3072 virtutibus
1374 3000 1555 3074 contraria
1577 3015 1677 3095 sunt,
1700 3014 1775 3074 tam
1797 3000 1925 3076 anime
1943 3022 2053 3096 quam

453 3117 616 3215 corporis
633 3115 746 3189 multa
765 3130 848 3188 sunt
871 3117 970 3205 vitia,
989 3142 1070 3216 quae
1091 3118 1329 3192 nibilominus
1343 3122 1438 3194 inter
1453 3120 1548 3194 mala
1564 3134 1649 3195 sunt
1664 3118 1878 3220 reputanda,
1900 3134 1939 3191 ut
1952 3119 2052 3194 clau·

452 3233 585 3309 dicatio
610 3236 775 3336 corporis
799 3236 873 3308 sive
902 3236 1059 3329 menas,
1081 3238 1267 3312 hebetudo
1291 3241 1423 3313 mentis
1448 3242 1503 3314 rel
1526 3240 1758 3314 obliviositas.
1786 3244 1841 3312 De
1867 3241 2053 3313 contrariis

452 3357 600 3454 quidem
615 3355 845 3428 Aristoteles
835 3380 873 3428 tn
892 3358 1088 3456 Categoriis
1106 3359 1179 3431 suis
1196 3359 1416 3432 disserens¹:
1408 3361 1716 3461 ·«Contrarium,
1729 3388 1748 3428 ιι
1767 3359 1898 3458 inquit,
1920 3388 1939 3428 c
1952 3359 2052 3462 bono

453 3476 601 3572 quidem
624 3500 667 3548 ex
684 3474 892 3548 necessitate
911 3491 965 3548 est
981 3477 1136 3565 malum;
1153 3478 1227 3550 hoo
1248 3494 1370 3553 autem
1393 3478 1514 3579 palam
1531 3494 1584 3553 est
1606 3505 1671 3578 per
1692 3478 1918 3577 singulorum
1935 3449 2053 3577 objec-

450 3597 612 3684 tionem3
638 3609 678 3668 ut
705 3596 847 3669 sanitati
871 3595 1024 3691 languor
1040 3611 1076 3669 et
1098 3598 1243 3694 justitiae
1262 3598 1435 3696 injustitia
1454 3615 1491 3674 et
1515 3598 1720 3673 fortitudini
1743 3597 1919 3672 debilitas
1945 3599 2052 3675 simt-

450 3714 531 3788 liter
551 3730 670 3787 autem
695 3731 731 3787 et
752 3715 789 3786 in
812 3714 902 3786 aliis.
928 3716 1023 3788 Malo
1039 3731 1161 3789 autem
1182 3717 1377 3817 aliquando
1404 3719 1553 3817 quidem
1577 3718 1719 3793 bonum
1736 3734 1790 3791 est
1805 3720 2048 3813 contrarium,

451 3833 646 3933 aliqnando
671 3835 820 3906 malum.
848 3837 1003 3932 Egestati
1021 3838 1139 3928 enim,
1161 3862 1245 3913 cum
1271 3839 1316 3911 sit
1344 3840 1494 3932 malurm
1519 3838 1849 3938 superabundantia
1871 3841 2051 3912 contraria

451 3970 517 4047 est,
540 3979 626 4028 cum
643 3955 689 4027 sit
708 3954 785 4051 ipsa
801 3953 951 4027 malum.
968 3957 1068 4029 Sed'
1058 3983 1096 4032 rn
1114 3960 1240 4056 paucis
1257 3958 1329 4032 hoc
1345 3958 1416 4032 tale
1437 3960 1631 4058 quislibet
1623 3961 1802 4061 inspiciet.
1830 3965 1868 4032 ln
1887 3957 2050 4058 pluribus

450 4100 538 4148 vero
562 4097 704 4173 semper
726 4072 860 4144 malum
887 4072 987 4146 bono
1010 4078 1232 4149 contrarium
1249 4092 1314 4150 cst.
1330 4109 1349 4147 ιι
1369 4080 1449 4151 m
1434 4104 1471 4152 m
1492 4082 1631 4178 Topicis
1655 4080 1729 4152 suis
1744 4078 1895 4170 Tullius,
1917 4102 2003 4152 cum
2028 4100 2051 4154 a

449 4194 637 4269 contrariis
659 4195 783 4267 locum
804 4194 1061 4291 assignaret:
1052 4195 1119 4267 «Si
1135 4194 1234 4270 bona
1259 4213 1367 4285 est,›
1349 4199 1521 4294 »inquit,
1541 4201 1732 4289 «sanitas,
1759 4198 1853 4273 mala
1873 4212 1928 4272 est
1948 4199 2052 4296 aegri-

449 4317 553 4390 tudo.
576 4345 595 4385 ιι
621 4317 699 4416 lpse
724 4314 831 4388 etiam
856 4315 1034 4388 Dominus
1060 4315 1107 4388 de
1125 4340 1220 4417 ¹pace
1245 4342 1355 4417 quam
1380 4318 1635 4393 obedientibus
1652 4318 1776 4394 tribuit
1801 4334 1839 4395 et
1863 4317 1910 4393 de
1932 4342 2052 4418 perse·

449 4435 656 4509 orationibus
669 4459 760 4533 quas
772 4433 966 4510 rebellibus
982 4436 1162 4511 immittit¹
1173 4463 1239 4538 per
1253 4438 1469 4539 prophetam
1483 4441 1554 4514 ait·
1574 4466 1583 4512 z
1600 4468 1618 4508 «
1636 4442 1711 4537 llgo
1728 4440 1908 4513 Dominus
1921 4439 2051 4513 iaciens

448 4557 589 4631 bonum
604 4570 641 4628 et
661 4579 786 4628 ereans
801 4555 951 4630 malum.
966 4585 985 4626 ιι
1005 4561 1049 4630 Et
1068 4558 1106 4631 in
1128 4559 1321 4656 evangelio,
1331 4559 1510 4634 Dominus
1533 4558 1579 4632 de
1599 4560 1751 4633 terrenis
1766 4558 1875 4633 bonis
1893 4574 1929 4634 et
1950 4560 2051 4634 malis

446 4678 494 4752 ad
521 4678 669 4753 divitem
691 4676 787 4748 eit‘:
814 4677 1022 4776 «aecepati
1044 4677 1142 4751 bona
1165 4679 1203 4750 iu
1231 4680 1304 4753 vita
1327 4693 1391 4753 tua
1413 4694 1450 4753 et
1474 4683 1628 4753 lazarus
1655 4678 1818 4752 similiter
1837 4679 1965 4754 mala.»
1989 4678 2049 4752 ille

464 4994 599 5126 daem.
614 5007 668 5057 ων·
681 5009 719 5062 tt,
739 4994 762 5048 l·
774 4990 822 5030 ··'
832 4981 974 5045 Rhtlssnld
989 4966 1220 5060 persecutionem,
1235 5007 1314 5060 quam
1337 4995 1475 5049 rebellibus
1491 4997 1628 5047 immittat.
1641 5022 1671 5033 -
1681 4997 1691 5028 ⁸
1701 4994 1768 5057 lael,
1784 5008 1839 5060 rap.
1856 5005 1917 5057 ιιι,
1936 5004 1959 5042 r.
1977 4994 2001 5043 7.
2015 5016 2047 5032 -

446 5079 454 5107 ⁴
500 5085 533 5137 e,
549 5085 604 5137 esp.
617 5075 708 5128 amnt.
2051 5091 2055 5098 ·
