4559 6100
620 467 900 540 lNTRODUCTIO
924 467 986 541 AD
1010 471 1302 543 THEOLOGIAM.
1607 476 1610 487 '
1714 470 1762 545 53

166 647 226 724 per
243 619 384 694 omnia.
403 621 445 689 ln
463 618 634 690 omnibus
650 618 802 717 Spiritus
818 631 982 710 sauctus,
1001 619 1088 717 quia
1102 620 1153 691 nil
1170 618 1306 717 absque
1323 643 1368 692 eo
1387 635 1453 693 est.
1472 650 1490 686 »
1508 619 1590 692 Tale
1609 618 1697 719 quid
1716 618 1763 692 de

168 740 333 815 creaturis
349 751 386 812 et
398 734 443 809 de
455 737 652 835 Decetiam
666 741 763 810 Zeno
781 762 865 810 cum
878 738 1006 811 Stoicis
1023 739 1237 839 suspicatur,
1256 764 1365 838 quem
1380 740 1541 838 sequitur
1552 739 1762 839 Virgilius¹z
1843 751 1855 763 '
1968 752 1978 759 ·

636 995 741 1060 Deum
758 1016 952 1084 namque...
971 996 1019 1062 ire
1035 1020 1094 1087 per
1108 1019 1222 1063 omnes

474 1102 652 1191 Terraeque
666 1116 786 1167 tractam
801 1123 864 1192 qne
879 1102 1035 1169 marum

173 1337 212 1406 tt
226 1331 376 1430 reliqua.
392 1333 439 1403 Et

473 1567 634 1658 Principio
650 1567 766 1634 coelum
782 1593 819 1636 ac
834 1585 950 1656 terras,
968 1592 1162 1661 camposque
1175 1568 1351 1660 liquentes,

473 1676 713 1765 Lucentemque
728 1675 862 1768 globum
876 1676 981 1761 lunae,
998 1677 1188 1767 Titaniaque
1205 1692 1288 1743 astra

474 1781 608 1873 Spiritus
625 1783 711 1849 intus
726 1781 798 1867 alit,
816 1800 879 1850 etc.

172 2032 292 2104 Vivere
318 2030 454 2129 quippe
478 2029 518 2102 in
542 2033 619 2103 Deo
646 2045 777 2104 cuncta
799 2030 983 2126 dicuntur,
1009 2046 1179 2133 utsupra
1201 2030 1446 2121 meminimus,
1473 2030 1672 2105 secundum
1691 2033 1765 2107 hoc

170 2149 266 2251 quod
280 2150 318 2221 in
335 2150 416 2248 ipso
433 2148 534 2224 nulla
549 2165 633 2225 sunt
648 2166 806 2246 mortua,
824 2152 899 2226 hoc
916 2167 968 2227 est
984 2151 1145 2249 inutilia,
1165 2153 1230 2226 sed
1248 2153 1402 2225 omniau
1411 2150 1534 2246 tiliter,
1552 2166 1616 2225 aut
1631 2176 1766 2227 conve-

166 2272 305 2344 nienter
329 2268 416 2342 lacta
441 2293 504 2342 seu
528 2268 707 2366 ordinata,
726 2271 826 2345 unde
847 2273 1020 2373 scriptum
1043 2276 1137 2345 est¹:
1160 2303 1179 2340 α
1192 2270 1301 2360 Quod
1318 2271 1451 2344 lactum
1468 2286 1522 2343 est
1544 2272 1678 2371 inipso
1693 2273 1767 2345 vita

164 2405 260 2482 erat,
277 2418 294 2454 a
312 2388 385 2460 hoc
398 2403 448 2461 est
464 2389 500 2461 in
518 2390 608 2489 ipsa,
628 2407 824 2490 antequam
843 2391 984 2487 fierent,
1004 2392 1232 2492 providentia
1248 2391 1379 2463 divinae
1393 2390 1582 2490 Sapientiae
1600 2415 1765 2467 commo·

165 2507 311 2581 dissime
334 2521 434 2580 erant
459 2508 637 2583 ordinata.
664 2512 758 2584 Hinc
782 2536 926 2585 rursum
949 2512 1081 2584 dicitur
1105 2537 1113 2581 :
1145 2516 1272 2584 «Deus
1295 2511 1353 2583 cui
1377 2509 1499 2582 omnia
1523 2510 1695 2583 vivunt.»
1721 2513 1765 2584 Et

161 2627 369 2728 Apostolus⁸
388 2655 396 2699 :
418 2633 484 2701 «In
500 2654 588 2727 quo,
605 2662 623 2699 r
642 2632 780 2730 inquit,
802 2633 1006 2722 «vivimus,
1026 2655 1229 2723 movemur,
1249 2646 1285 2702 et
1300 2654 1439 2701 sumus.
1453 2658 1471 2697 »
1489 2632 1578 2702 Tam
1597 2629 1765 2704 homines

163 2772 272 2847 quam
299 2748 458 2845 pecudes
480 2749 650 2825 vivificat.
674 2753 784 2850 Cujus
809 2751 907 2826 dona
926 2753 1046 2851 aliqua
1070 2750 1118 2825 ad
1143 2752 1254 2823 vitam
1279 2764 1354 2823 tam
1378 2749 1629 2849 sapientissimi
1654 2775 1766 2849 quam

161 2868 343 2966 simplices
372 2883 480 2969 atque
503 2870 623 2944 idiotae
649 2872 787 2946 habent
793 2901 805 2961 3
832 2871 929 2946 unde
954 2887 991 2944 et
1016 2872 1053 2944 in
1078 2871 1294 2944 Eccleszorte
1319 2869 1495 2943 dicitur‘:
1520 2871 1637 2958 «Quis
1663 2870 1765 2942 novit

158 2988 306 3087 spiritus
317 2986 477 3062 liliorum
498 2989 624 3082 Adam,
638 3007 675 3065 et
691 2993 722 3065 si
738 2991 909 3068 ascendat
923 3016 1080 3087 sursum,
1098 3007 1135 3066 et
1151 2992 1181 3065 si
1198 2990 1343 3091 spiritus
1354 2990 1605 3088 jumentorum
1617 2986 1768 3062 descen·

160 3107 217 3180 dat
236 3107 441 3182 deorsum?
456 3140 475 3177 s
493 3109 567 3183 hoc
586 3113 720 3211 estqui
736 3113 807 3185 sint
823 3112 1064 3213 predestinati
1081 3112 1129 3186 ad
1145 3112 1270 3201 vitam,
1288 3111 1350 3207 qui
1367 3110 1533 3209 deputati
1550 3108 1597 3181 ad
1613 3123 1767 3183 mortem

156 3227 200 3300 de
212 3230 492 3328 sapientissimis
507 3246 543 3305 et
558 3231 694 3305 idiotis.
1722 3295 1734 3305 .

35 3291 37 3398 i
198 3351 288 3420 Haec
301 3348 352 3421 de
369 3349 554 3423 Macrobio
570 3350 667 3424 dicta
682 3350 872 3423 sufficiant.
887 3351 924 3421 Si
941 3350 1022 3448 quis
1039 3363 1162 3421 autem
1176 3372 1235 3419 me
1251 3346 1352 3444 quasi
1369 3347 1617 3443 importunum
1634 3369 1677 3419 ac
1689 3346 1766 3416 vio·

149 3465 295 3538 lentum
314 3469 563 3566 expositorem
579 3486 760 3564 causetur,
779 3493 823 3541 eo
840 3469 941 3567 quod
958 3469 1079 3544 minus
1095 3466 1243 3566 propria
1262 3463 1484 3563 expositione
1503 3463 1550 3536 ad
1567 3461 1677 3536 lidem
1695 3488 1767 3540 no·.

147 3600 259 3659 stram
278 3587 403 3660 verba
419 3587 726 3688 philosophorum
741 3586 991 3686 detorqueam,
1011 3601 1046 3660 et
1061 3586 1134 3658 hoc
1152 3585 1201 3658 eis
1218 3585 1405 3682 imponam
1421 3581 1521 3681 quod
1537 3606 1766 3681 nequaquam

35 3699 36 3742 ³
145 3704 211 3804 ipsi
224 3721 448 3798 senserunt,
464 3706 627 3781 attendat
640 3708 735 3781 illam
748 3705 892 3807 Caiphae
901 3706 1145 3810 prophetiam⁸
1159 3728 1268 3803 quam
1282 3703 1434 3802 Spiritus
1446 3717 1590 3775 sanctus
1607 3726 1672 3801 per
1681 3727 1766 3775 eum

35 3831 37 3900 Ι
142 3828 318 3920 protulit,
336 3826 453 3924 longe
464 3825 512 3926 ad
525 3826 636 3900 alium
651 3852 797 3900 sensum
812 3852 893 3901 eam
905 3824 1200 3913 accommodans,
1216 3848 1327 3921 quam
1338 3823 1500 3922 prolator
1512 3822 1588 3921 ipse
1600 3823 1764 3896 senserit.

138 3945 224 4018 Nam
243 3961 287 4019 et
303 3946 437 4022 sancti
449 3946 647 4045 prophetae,
666 3972 751 4020 cum
764 3947 886 4046 aliqua
910 3948 1062 4047 Spiritus
1077 3958 1221 4019 sanctus
1234 3969 1300 4043 per
1317 3967 1380 4015 eos
1395 3941 1577 4039 loquatur,
1597 3966 1673 4014 non
1688 3968 1767 4015 om·

138 4073 198 4135 nes
212 4064 442 4138 sententias
457 4064 504 4137 ad
526 4090 617 4164 quas
633 4092 671 4139 se
694 4065 833 4140 habent
854 4066 965 4168 verba
982 4090 1047 4140 sua
1062 4063 1286 4162 intelligunt,
1305 4060 1369 4135 sed
1386 4086 1479 4160 saepe
1496 4086 1609 4134 unum
1626 4075 1768 4134 tantum

136 4182 241 4257 ineis
259 4184 442 4275 hahent,
458 4207 543 4256 cum
556 4187 708 4285 Spiritus
723 4187 814 4284 ipse,
831 4187 893 4284 qui
909 4210 1051 4286 percos
1067 4184 1240 4282 loquitur,
1256 4183 1386 4256 multas
1399 4181 1450 4253 ibi
1465 4180 1665 4279 provideat,
1682 4205 1768 4280 qua·

132 4314 233 4377 tenus
248 4304 521 4406 postmodum
538 4306 624 4378 alias
636 4304 714 4377 aliis
728 4305 1026 4405 expositionibus,
1042 4320 1077 4377 et
1090 4303 1176 4376 alias
1188 4301 1265 4375 aliis
1278 4301 1440 4401 inspirat.
1457 4301 1562 4374 Unde
1573 4302 1768 4398 Gregorius

129 4420 372 4528 inRegistro
402 4422 447 4496 ad
460 4425 669 4498 ianuarium
681 4425 892 4525 episcopum
905 4425 1210 4523 Calaguritanum'
1223 4420 1383 4495 scribens
1397 4423 1485 4495 ait²r
1505 4427 1572 4493 «ln
1583 4422 1768 4495 intellectu

125 4567 231 4620 sacrae
256 4548 488 4646 Scripturae
511 4546 631 4644 respui
643 4556 731 4618 ‘non
748 4544 855 4619 debet
872 4546 1047 4646 quicquid
1069 4569 1177 4618 sacrae
1197 4542 1282 4617 fidei
1300 4567 1376 4615 non
1393 4542 1536 4615 resistit.
1555 4544 1654 4614 Sicut
1670 4543 1766 4615 enim

123 4687 162 4738 ex
178 4694 263 4744 nno
283 4691 406 4742 auro
424 4664 487 4738 alii
503 4667 729 4757 muremdas,
747 4666 808 4740 alii
820 4668 993 4760 annulos,
1011 4666 1072 4740 alii
1087 4665 1259 4739 dextralia
1275 4663 1323 4738 ad
1339 4676 1595 4736 ornamentum
1617 4662 1763 4755 faciunt,

35 3525 37 3578 l

144 4937 280 5002 wamy„
298 4934 357 4995 tv,
385 4945 416 4984 v.
435 4932 484 4983 tls
499 4938 526 4981 et
546 4930 938 4995 ssq.-²Joan.‚mp.1‚v.t.
992 4931 1151 4982 rotumnam.
1169 4930 1227 4992 teg.
1242 4928 1282 4979 Aa
1297 4925 1765 4990 emisenumnecropotoanua-

118 5016 224 5071 -⁸Act.
238 5021 373 5085 apost,
397 5025 459 5074 cap.
477 5023 545 5075 arn,
557 5026 580 5062 v.
598 5015 639 5064 28.
656 5038 688 5050 —
700 5015 709 5045 ⁴
719 5012 823 5073 Euclea,
835 5024 889 5073 cap.
902 5024 940 5071 ru,
993 5012 1107 5076 Ἐρῶ.
1118 5013 1163 5062 tto.
1172 5008 1215 5072 ΙΙΙ,
1227 5023 1268 5072 sp.
1281 5021 1355 5059 utu

114 5105 138 5146 r.
149 5104 191 5153 ιι,
206 5127 240 5139 -
256 5098 400 5158 tamn„
424 5105 480 5156 cap.
494 5094 803 5158 u,t.5⁰‚51.-⁸Cod.
817 5091 879 5142 ttra
894 5090 942 5143 Cor
