4559 6100
655 540 947 616 turnonuctto
971 543 1033 617 tn
1057 540 1361 617 THEOLOGth.
1754 543 1803 614 fii

216 696 389 787 firmetur,
410 721 484 767 non
502 696 660 767 assumit.
672 724 690 762 s
712 699 829 767 Restat
844 695 965 792 itaque
980 718 1078 767 nunc
1096 692 1202 765 nobis
1219 709 1300 791 post
1319 697 1572 770 auctoritatum
1591 694 1802 768 fundamen·

217 830 305 902 tum,
320 814 525 887 fulcimenta
537 812 813 911 superinducere
828 815 1021 904 rationum,
1037 813 1189 885 maxime
1208 812 1292 885 ideo
1304 838 1350 885 ne
1367 814 1564 889 verbositas
1575 815 1802 909 inimicorum

218 935 345 1006 Christi
370 949 499 1006 nostrae
520 931 664 1004 insultet
684 933 917 1030 simplicitati,
939 934 1002 1028 qui
1027 957 1110 1005 enm
1131 933 1270 1030 aliquos
1286 932 1415 1005 idiotas
1432 950 1493 1007 aut
1509 937 1628 1007 minus
1645 932 1804 1005 eruditos

218 1053 435 1126 Christianos
457 1052 709 1123 inductionum
734 1076 880 1124 suarum
903 1052 1038 1150 laqueis
1065 1051 1339 1151 praepedierint,
1366 1077 1513 1125 summae
1537 1054 1575 1126 id
1597 1051 1664 1124 sibi
1687 1051 1804 1147 gloriar

219 1171 409 1244 ascribunt.
434 1169 575 1258 Quibus
600 1170 748 1266 quidem
770 1195 845 1242 non
867 1170 997 1242 sullicit
1022 1185 1062 1242 ut
1080 1171 1148 1243 soli
1165 1173 1385 1260 moriantur,
1404 1174 1471 1245 nisi
1486 1173 1576 1246 alios
1590 1170 1806 1270 compellant

219 1292 287 1363 suis
305 1290 509 1380 erroribus,
540 1289 601 1361 illo
619 1289 783 1362 videlicet
798 1272 1003 1362 ludaeorum
1020 1312 1142 1379 more,
1161 1314 1235 1386 quo
1258 1314 1322 1363 eos
1337 1292 1472 1364 Veritas
1496 1291 1602 1364 dicit¹
1620 1322 1636 1356 α
1654 1312 1752 1362 mare
1772 1303 1807 1361 et

219 1409 353 1482 aridam
372 1410 536 1497 circuire,
554 1424 592 1480 ut
608 1409 740 1482 saciant
759 1407 976 1507 proselytum
995 1432 1156 1479 unum.»

267 1530 440 1601 Omnium
463 1543 584 1600 autem
603 1527 787 1601 bonorum
810 1528 912 1626 quasi
937 1526 1212 1600 fundamentum
1237 1527 1346 1600 fidem
1368 1544 1498 1602 sanctae
1510 1530 1686 1609 Trinitatis
1703 1530 1808 1625 poni·

222 1672 314 1739 mus,
335 1662 374 1720 ut
387 1648 434 1721 ab
451 1649 527 1746 ipsa
543 1648 671 1720 divinae
684 1663 819 1720 naturoe
832 1648 1037 1744 cognitione
1053 1652 1218 1720 omnium
1233 1647 1415 1721 bonorum
1437 1648 1589 1722 ducatur
1604 1647 1804 1722 exordium.

220 1767 384 1864 Quisquis
397 1768 519 1864 itaque
536 1765 607 1839 boc
625 1766 900 1841 fundamentum
913 1766 1123 1839 labefactare
1139 1769 1284 1865 poterit,
1304 1768 1393 1839 nihil
1409 1768 1630 1841 fructuosum
1642 1765 1748 1839 nobis
1763 1766 1809 1838 de

221 1886 273 1957 his
289 1910 369 1985 quae
382 1885 699 1984 superaedificanda
712 1901 796 1959 sunt
806 1887 987 1984 relinquit
1013 1887 1117 1959 Unde
1132 1900 1171 1959 et
1186 1912 1255 1958 nos
1266 1889 1424 1987 primum
1439 1888 1525 1960 huic
1537 1902 1638 1960 tanto
1650 1885 1809 1984 periculo

222 2020 289 2079 tam
310 2006 567 2077 auctoritatum
591 2029 699 2101 quam
720 2007 901 2078 rationum
921 2006 1079 2105 elipeum
1100 2030 1286 2105 opponere
1308 2008 1528 2100 curavimus,
1546 2007 1583 2078 in
1601 2031 1645 2079 eo
1664 2004 1809 2104 quidem

222 2124 361 2217 conlisi,
381 2126 443 2224 qui
459 2149 544 2197 suos
561 2125 757 2216 confortat,
771 2126 912 2198 dicens'
926 2153 934 2196 :
949 2154 967 2194 u
980 2129 1072 2198 Cum
1089 2128 1252 2199 steteritis
1271 2142 1353 2199 ante
1371 2131 1481 2224 Reges
1496 2140 1532 2198 et
1544 2126 1723 2216 Praeaides,
1744 2150 1811 2197 no·

222 2242 281 2316 lite
297 2245 465 2339 cogitare,
483 2258 551 2317 etc.
570 2274 588 2311 »
610 2246 719 2340 Cujus
732 2243 880 2341 quidem
897 2245 1006 2318 fretus
1022 2246 1167 2335 auxilio,
1182 2246 1353 2343 parvulus
1369 2243 1484 2316 David
1507 2246 1721 2316 immensum
1737 2248 1810 2315 Go-

202 2348 209 2357 ’
226 2362 313 2434 liath
327 2376 366 2433 et
375 2363 549 2435 tumidum
564 2365 713 2462 proprio
728 2364 838 2460 ipsius
851 2363 969 2461 gladio
984 2364 1170 2461 jugulavit.
1184 2370 1228 2435 Et
1241 2388 1309 2435 nos
1326 2388 1426 2460 ergo,
1439 2363 1678 2435 humanarum
1695 2362 1811 2457 gladio

224 2482 418 2575 rationum,
444 2483 573 2580 quihus
590 2507 658 2555 nos
671 2497 745 2555 tam
759 2482 966 2582 philosophi
983 2507 1092 2580 quam
1107 2483 1262 2555 haeretiei
1279 2485 1472 2582 impetunt,
1491 2484 1527 2553 in
1543 2507 1605 2554 eos
1622 2505 1810 2574 converso,
1872 2552 1874 2555 .

223 2623 346 2673 eornm
362 2600 475 2673 robur
490 2602 656 2700 aciesque
672 2617 967 2699 argumentorum
980 2627 1128 2674 snorum
1141 2604 1178 2675 in
1192 2604 1349 2674 Domino
1366 2600 1594 2700 dissipemus,
1605 2616 1644 2672 ut
1655 2603 1730 2697 jam
1750 2603 1815 2671 mi·

225 2745 290 2791 nus
303 2720 565 2818 simplicitatem
583 2721 745 2794 fidelium
761 2721 906 2818 aggredi
922 2737 1137 2821 praesumant
1146 2774 1157 2811 ‚
1181 2747 1264 2794 cum
1277 2720 1324 2793 de
1336 2721 1394 2793 his
1404 2721 1579 2794 confutati
1600 2720 1749 2808 suerint,
1770 2719 1814 2791 de

223 2839 350 2935 quibus
369 2841 548 2939 precipue
569 2841 789 2941 impossibile
805 2843 857 2914 eis
869 2841 1011 2914 videtur
1021 2843 1232 2941 responderi
1251 2841 1297 2914 de
1308 2842 1509 2915 diversitate
1525 2863 1761 2941 personarum
1778 2841 1815 2911 in

225 2981 294 3031 una
314 2973 350 3031 et
367 2959 554 3032 individua
573 2963 715 3060 penitus
733 2985 775 3033 ac
791 2960 943 3061 simplici
966 2961 1088 3034 divina
1105 2960 1316 3051 substantia,
1340 2975 1376 3033 et
1396 2960 1442 3032 de
1461 2961 1693 3059 generatione
1709 2957 1815 3032 Verbi

221 3102 284 3150 seu
300 3079 528 3177 processione
541 3081 705 3178 Spiritus.
721 3085 776 3153 De
791 3105 865 3176 qno
878 3080 1026 3178 quidem
1042 3104 1109 3152 nos
1125 3080 1257 3153 docere
1270 3081 1455 3152 veritatem
1471 3106 1546 3153 non
1560 3080 1812 3178 promittimus,

222 3197 398 3294 adquam
420 3223 539 3296 neque
558 3224 626 3271 nos
650 3224 768 3297 neque
792 3199 998 3272 mortalium
1019 3198 1177 3297 aliquem
1200 3198 1362 3271 sufficere
1381 3200 1582 3288 credimus,
1610 3199 1673 3270 sed
1691 3196 1815 3270 saltem

219 3316 356 3414 aliquid
381 3318 573 3391 verisimile
596 3333 703 3417 atque
724 3319 890 3392 humanae
911 3318 1044 3390 rationi
1065 3318 1242 3406 vicinum,
1269 3342 1337 3390 nec
1358 3342 1465 3390 sacrae
1488 3317 1573 3389 fidei
1595 3317 1814 3388 contrarium

219 3459 426 3534 proponere
448 3436 553 3526 libet,
580 3437 748 3511 adversus
771 3462 835 3510 eos
851 3438 914 3535 qui
930 3436 1097 3510 humanis
1115 3434 1313 3507 rationibus
1329 3434 1440 3508 fidem
1455 3460 1494 3507 se
1512 3437 1721 3534 impugnare
1738 3435 1814 3531 glo·

217 3555 379 3642 riantur,
400 3579 467 3628 nec
489 3556 557 3628 nisi
578 3555 754 3629 humanas
773 3570 901 3629 curant
917 3555 1074 3628 rationes
1090 3579 1181 3653 quas
1198 3570 1393 3644 noverunt,
1417 3554 1621 3650 multosque
1638 3554 1740 3627 facile
1756 3579 1815 3628 as·

210 3687 419 3746 sentatores
437 3675 642 3760 inveniunt,
660 3701 744 3749 eum
763 3677 836 3748 sere
856 3698 982 3748 omnes
998 3673 1169 3746 animales
1188 3675 1258 3746 siut
1271 3674 1450 3767 homines,
1467 3699 1509 3746 ac
1522 3674 1725 3773 paucissimi
1745 3674 1817 3771 spi-

210 3792 379 3865 rituales.
395 3792 546 3867 ·Sullicit
570 3810 688 3868 autem
711 3795 818 3868 nobis
837 3818 1057 3892 quoeunque
1072 3794 1186 3867 modo
1208 3817 1433 3867 summorum
1453 3794 1683 3866 inimicorum
1705 3792 1818 3865 robur
1867 3784 1876 3804 '

208 3912 409 4009 dissipare,
423 3914 615 4009 prasertim
627 3939 711 3986 cum
725 3913 797 3987 alio
813 3912 926 3986 modo
942 3938 1018 3985 non
1031 3898 1238 4011 possumus,
1256 3914 1324 3985 nisi
1339 3913 1405 3986 has
1417 3937 1506 4011 quas
1520 3925 1698 3984 noverunt
1708 3914 1817 3983 ratio·

206 4056 287 4104 nes
303 4056 347 4102 ex
368 4033 529 4129 ipsorum
545 4033 682 4106 artibus
695 4034 896 4107 afferamus.
917 4032 1019 4107 absit
1036 4033 1133 4104 enim
1146 4033 1218 4105 hoc
1235 4033 1472 4105 utcredamus
1483 4035 1619 4119 Deum,
1642 4031 1705 4128 qui
1717 4031 1818 4104 malis

198 4174 372 4247 quoque
396 4151 483 4248 ipsis
501 4152 596 4224 bene
622 4152 753 4242 utitur,
780 4177 854 4225 non
878 4150 973 4224 bene
1004 4152 1113 4224 etiam
1136 4176 1264 4226 omnes
1289 4166 1382 4224 artes
1404 4175 1483 4248 quae
1507 4151 1585 4246 ejus
1611 4149 1707 4222 dona
1736 4166 1819 4221 sunt

198 4267 406 4361 ordinare,
427 4283 467 4340 ut
481 4271 556 4343 haec
568 4295 715 4368 quoque
730 4271 805 4368 ejus
824 4270 997 4367 majestati
1012 4268 1227 4361 deserviant,
1243 4286 1567 4368 quantumcunque
1575 4268 1673 4342 male
1689 4267 1746 4340 his
1761 4269 1821 4341 ab·

191 4401 375 4461 utuntur
393 4389 563 4486 perversi.
594 4388 699 4462 Unde
719 4403 755 4461 et
770 4394 809 4462 B.
829 4389 1064 4484 Augustinus,
1092 4390 1208 4462 caeteri
1233 4414 1380 4488 quoque
1396 4390 1563 4462 doctores
1579 4387 1816 4478 ecclesiastici,

186 4505 400 4582 seculares
424 4532 571 4605 quoque
595 4522 706 4599 artes,
729 4524 836 4607 atque
856 4510 969 4607 ipsam
985 4531 1131 4606 quoque
1148 4508 1369 4582 dialecticam
1386 4510 1564 4609 praecipue
1580 4530 1688 4581 sacrae
1704 4508 1820 4604 Scrip-

186 4642 309 4699 turae
330 4624 532 4699 admodum
556 4628 791 4700 necessariam
814 4626 1018 4727 perhibent.
1048 4626 1146 4700 Adeo
1167 4652 1324 4727 namque
1345 4629 1534 4727 praedictus
1558 4628 1689 4700 doctor
1705 4626 1767 4698 lib.
1794 4651 1820 4698 11

178 4746 240 4819 de
262 4742 452 4834 ordinet
481 4745 701 4819 dialecticam
723 4747 979 4820 commendare
1000 4772 1107 4820 ausus
1134 4763 1205 4840 est,
1229 4764 1270 4820 ut
1294 4772 1374 4821 eam
1402 4748 1515 4820 solam
1540 4747 1723 4819 scientiam
1745 4767 1820 4817 esse

175 4862 387 4966 profiteri
412 4862 592 4958 videatur,
622 4889 706 4937 cum
735 4886 817 4939 eam
838 4866 952 4938 solam
979 4892 1085 4966 posse
1107 4867 1224 4940 facere
1242 4868 1338 4940 dicat
1353 4867 1516 4941 scientes.
1538 4863 1817 4962 «Disciplinam,

212 5121 221 5147 ¹
252 5112 382 5169 flattu,
401 5124 454 5174 cap.
474 5124 545 5174 utu,
563 5126 586 5162 v.
608 5116 645 5165 15.
660 5138 688 5162 -v
699 5112 815 5177 Ἰαὼ,
834 5125 888 5176 cap.
900 5127 954 5175 ιιι,
970 5127 993 5165 r.
1009 5117 1047 5167 19.
1058 5140 1087 5152 w·
1098 5115 1108 5146 ⁸
1119 5112 1178 5176 Cap.
1195 5127 1249 5175 rur,
1262 5121 1279 5162 t.
1301 5111 1321 5174 l,
1334 5113 1381 5162 cot.
1402 5113 1457 5164 346.
