4559 6100
474 565 547 639 364
1071 561 1201 635 PETRl
1225 562 1460 637 mutiunt

473 717 566 789 citur
581 713 785 812 Sapientia,
808 719 845 785 et
858 735 983 785 sensus
1000 725 1036 785 et
1054 712 1218 785 doctrina
1234 714 1271 785 in
1290 712 1399 786 verbo
1415 712 1557 785 sensati.
1574 739 1592 780 ιι
1613 713 1704 785 Ηίιιε
1719 714 1826 785 etiam
1844 738 1908 814 per
1923 727 2054 791 semet-

474 835 587 933 ipsam
613 832 751 904 Veritas
759 834 782 924 ¹,
812 855 895 903 «ex
924 830 1163 922 abundantia,
1196 832 1332 929 inquit,
1362 830 1481 903 cordis
1511 854 1553 904 os
1581 828 1752 929 loquitur.
1767 861 1786 899 s
1814 833 1914 905 Sicut
1950 835 2057 931 igitur

473 952 649 1024 visionem
685 950 813 1022 mentis
838 964 875 1023 et
906 948 1096 1022 oculorum
1124 949 1298 1041 dicimus,
1332 950 1381 1022 ita
1409 949 1628 1022 locutionem
1666 975 1728 1022 εειι
1758 949 1911 1024 verbum
1938 952 2059 1025 cordis

474 1069 746 1169 quodammodo
766 1070 929 1157 dicimus,
948 1071 1039 1141 sicut
1057 1082 1092 1141 et
1106 1070 1191 1160 oris,
1206 1068 1307 1166 juxta
1330 1067 1418 1140 illud
1434 1067 1662 1140 Psalmistae¹z
1683 1098 1701 1135 α
1717 1072 1757 1140 Ιιι
1771 1069 1882 1142 corde
1897 1083 1932 1143 et
1947 1071 2057 1144 corde

474 1189 585 1262 locuti
599 1204 695 1262 sunt.
713 1220 730 1255 n
749 1192 793 1260 Et
814 1188 902 1261 illud
919 1187 1000 1261 libri
1019 1190 1223 1286 Sapientia·
1241 1213 1249 1258 ε
1271 1217 1289 1256 «
1300 1187 1473 1259 Dixeruut
1488 1187 1588 1285 impii
1605 1186 1702 1285 apud
1717 1211 1756 1259 se
1770 1189 1967 1284 cogitantes
1982 1213 2056 1262 non

474 1320 586 1397 recte,
605 1336 623 1376 ιι
641 1308 746 1404 quale
764 1321 799 1379 et
815 1306 905 1379 illud
920 1322 973 1379 est
988 1308 1025 1378 in
1042 1307 1252 1402 Evangelio‘
1270 1332 1279 1377 ε
1302 1333 1321 1372 ιι
1334 1306 1507 1376 Dixenmt
1522 1304 1615 1375 intra
1630 1329 1688 1396 se,
1707 1305 1773 1376 Hic
1788 1305 2025 1405 blasphemat,
2036 1337 2054 1373 e

473 1424 545 1498 hoc
567 1442 620 1499 est
638 1428 896 1524 cogitaverunt.
918 1430 963 1496 Et
977 1426 1146 1515 Veritas‘,
1169 1428 1287 1496 «Non
1304 1423 1404 1521 quod
1429 1422 1537 1496 intrat
1553 1422 1591 1493 in
1609 1446 1663 1514 os,
1683 1422 1821 1520 inquit,
1848 1424 2056 1520 coinquinat

473 1543 673 1637 hominem,
694 1544 756 1617 sed
774 1543 872 1641 quod
890 1542 1054 1642 procedit
1069 1567 1114 1616 ex
1130 1566 1207 1615 ore.
1222 1571 1241 1611 u
1259 1546 1301 1614 Ει
1316 1556 1541 1641 postpauca,
1563 1544 1682 1628 «Quae
1697 1554 1817 1614 autem
1833 1541 2054 1640 procedunt,

474 1662 610 1758 inquit,
628 1660 675 1735 de
701 1686 777 1752 ore,
801 1661 847 1734 de
863 1660 973 1734 corde
992 1676 1137 1753 meunt,
1158 1675 1195 1734 et
1215 1660 1287 1733 hoc
1308 1659 1519 1757 coinquinat
1536 1658 1734 1744 hominem.
1752 1661 1807 1732 De
1829 1659 1940 1733 corde
1960 1661 2057 1734 enim

474 1794 604 1854 exeunt
629 1781 863 1877 cogitationes
885 1780 1003 1871 malae,
1029 1794 1099 1853 etc.
1128 1809 1146 1847 a
1171 1784 1274 1853 Juxta
1293 1779 1388 1851 hane
1408 1778 1516 1875 igitur
1536 1776 1832 1849 consuetudinem
1854 1780 2054 1877 Scriptmae,

473 1897 694 1971 locutionem
717 1898 850 1993 cordis,
868 1897 906 1970 id
931 1912 985 1971 est
999 1899 1113 1997 ipsam
1131 1898 1398 1995 cogitationem,
1418 1919 1483 1968 seu
1499 1894 1766 1991 intelligentiam
1782 1896 1893 1969 animi
1909 1895 2058 1970 verbum

440 2011 442 2016 ⁴
475 2018 610 2089 mentis·
631 2016 704 2089 hoc
728 2016 810 2089 loco
836 2017 1001 2092 dicimus.
1031 2021 1072 2089 ln
1101 2022 1178 2090 Deo
1202 2031 1323 2089 autem
1345 2016 1422 2114 ipsa
1450 2012 1526 2111 ejus
1549 2013 1715 2109 cogitatio
1742 2037 1804 2086 seu
1830 2015 2058 2113 intelligentia

474 2136 546 2209 hoc
573 2136 691 2235 ipsum
711 2135 840 2209 dicitur
861 2135 961 2235 quod
979 2136 1070 2209 ratio
1095 2138 1172 2234 ejus
1191 2160 1255 2208 seu
1274 2134 1467 2234 Sapientia,
1494 2157 1572 2231 quae
1598 2145 1653 2204 est
1670 2131 1818 2205 verbum
1842 2136 1967 2226 Patris,
1986 2135 2057 2208 hoc

473 2252 581 2327 Filius
598 2255 678 2327 Dei.
698 2254 801 2327 Unde
818 2270 854 2328 et
877 2257 1031 2352 Moyses,
1049 2268 1090 2326 ut
1105 2278 1214 2354 supra
1231 2253 1477 2345 meminimus,
1495 2276 1578 2324 cum
1598 2251 1634 2322 in
1653 2248 1801 2323 diversis
1817 2276 1938 2325 rerum
1960 2278 2057 2328 crea·

474 2372 634 2448 tionibus
652 2374 823 2448 faciendis
838 2374 1020 2473 praemittit
1040 2375 1169 2446 «Dixit
1184 2378 1325 2465 Ι)ειιε,ιι
1345 2371 1443 2446 etad
1460 2370 1598 2445 dictum
1615 2370 1730 2448 statim
1748 2370 1915 2444 ellectum
1930 2373 2058 2471 adjun-

474 2493 524 2591 git
549 2493 685 2585 dicens,
717 2524 735 2562 ι
756 2508 792 2565 ει
818 2492 951 2567 lactum
975 2495 1055 2586 ita⁸‚
1069 2520 1088 2561 ιι
1115 2503 1245 2566 cuncta
1268 2496 1386 2566 Deum
1413 2489 1616 2563 condidisse
1643 2490 1679 2560 in
1705 2488 1838 2584 Verbo,
1866 2490 1938 2565 boc
1953 2507 2006 2566 est
2022 2494 2057 2564 in

473 2612 654 2710 Sapientia
679 2636 744 2685 sua
771 2611 939 2699 ostendit,
969 2610 1007 2683 id
1033 2625 1086 2683 est
1117 2609 1206 2682 nihil
1236 2607 1354 2682 subito
1383 2622 1536 2701 temere,
1565 2606 1628 2680 sed
1655 2609 1778 2681 omnia
1803 2610 2060 2684 rationabiliter

473 2729 636 2827 provide.
663 2734 718 2802 De
735 2754 810 2828 quo
833 2743 869 2802 et
885 2728 969 2800 alibi
993 2729 1176 2801 Psalmista
1192 2727 1258 2800 ait'
1276 2753 1285 2798 ι
1306 2757 1325 2797 ιι
1339 2726 1435 2798 Dixit
1457 2739 1492 2799 et
1512 2726 1603 2799 [acta
1623 2741 1719 2818 sunt,
1738 2756 1757 2794 a
1783 2727 1821 2799 id
1847 2744 1900 2801 est
1920 2730 2058 2801 ratione

474 2861 508 2920 et
525 2847 751 2946 providentia
773 2862 954 2947 praeeunte
979 2861 1108 2920 cuncta
1129 2845 1294 2920 condidit
1311 2846 1385 2918 sive
1398 2843 1590 2918 ordinavit.
1609 2846 1682 2934 Qui
1701 2848 1806 2918 etiam
1823 2846 1892 2919 hoc
1907 2846 2057 2920 verbum

474 2964 557 3038 alibi
595 2967 751 3067 apertius
783 2966 1033 3042 demonstrans
1060 2991 1135 3040 non
1166 2990 1242 3039 esse
1272 2963 1424 3038 verbnm
1451 2963 1608 3038 audibile
1636 2979 1671 3038 et
1701 2967 1961 3060 transitorium,
1992 2968 2057 3040 sed

476 3085 695 3183 intelligibile
718 3111 768 3178 ‚ac
792 3111 1008 3186 permanens
1035 3087 1098 3160 ait⁸
1121 3112 1131 3158 ι
1153 3086 1255 3174 «Qut
1281 3085 1363 3158 iecit
1386 3084 1496 3159 ooelos
1522 3086 1559 3157 in
1583 3084 1777 3175 intellectu,
1793 3114 1809 3154 a
1837 3085 1909 3159 hoc
1935 3103 1989 3159 est
2010 3087 2057 3160 ad

476 3204 626 3278 modum
649 3206 750 3278 illum
766 3231 840 3304 quo
856 3231 919 3279 eos
934 3207 1091 3307 primum
1110 3205 1338 3279 ordinaverat
1356 3205 1392 3277 in
1409 3204 1522 3278 verbo
1542 3205 1684 3295 mentis,
1703 3204 1741 3276 id
1759 3206 1864 3278 estin
1881 3222 2057 3307 conceptu

475 3349 547 3397 suae
571 3338 749 3423 perpetuae
770 3326 893 3398 omnia
915 3325 1136 3422 providentis
1160 3324 1411 3422 intelligentiae,
1440 3322 1486 3396 de
1510 3346 1584 3420 quo
1604 3322 1751 3420 quidem
1778 3324 1904 3416 verbo,
1930 3324 2060 3398 scilicet

475 3441 698 3539 intelligibili,
713 3443 837 3517 beatus
850 3444 1043 3540 Gregorius
1059 3444 1096 3514 in
1111 3443 1268 3516 Humilia
1281 3444 1555 3539 Evangeliorum
1572 3444 1655 3529 vu',
1673 3441 1722 3513 ita
1742 3443 1914 3539 loquitur,
1934 3441 2057 3516 distin·

476 3585 587 3658 guens
599 3563 733 3634 scilicet
744 3563 861 3660 ipsum
875 3560 1094 3659 intelligibile
1109 3561 1262 3635 verbum
1275 3585 1297 3635 a
1311 3561 1424 3636 verbo
1442 3557 1604 3650 audibili,
1622 3560 1722 3656 quod
1736 3574 1790 3632 est
1804 3585 1873 3633 vor
1887 3588 1896 3630 ε
1912 3589 1928 3629 ιι
1942 3562 2053 3650 Scitis,

475 3680 603 3778 inquit,
625 3680 709 3776 quia
727 3680 936 3776 Unigenitus
953 3679 1112 3752 Verbum
1137 3680 1250 3753 Patris
1273 3694 1439 3771 vocatur,
1461 3677 1626 3750 iohanne
1652 3692 1852 3772 attestante,
1878 3680 1940 3773 qui
1953 3680 2052 3752 ait¹⁰z

478 3825 496 3865 ιι
509 3798 549 3868 ln
574 3798 750 3896 principio
775 3812 851 3870 erat
868 3796 1039 3871 Verbum.
1058 3829 1076 3864 a
1101 3802 1153 3869 Er
1174 3798 1250 3897 ipsa
1272 3811 1388 3870 vestra
1407 3797 1590 3870 locutione
1612 3798 1825 3893 cognoscitis
1847 3799 1931 3895 quia
1960 3801 2055 3897 prius

476 3938 545 3987 vox
568 3928 683 4006 sonat,
709 3929 749 3987 ut
772 3915 922 3990 verbum
940 3916 1171 4016 postmodum
1196 3915 1306 4015 possit
1328 3915 1455 3989 audiri.
1480 3914 1660 3988 lohannes
1678 3940 1763 3988 vero
1779 3941 1906 3989 vocem
1929 3942 1967 3990 se
1982 3942 2056 3991 esse

475 4032 609 4126 asserit,
632 4035 718 4130 quia
738 4033 886 4107 verbum
909 4035 1088 4136 praecedit.
1106 4067 1124 4103 u
1150 4034 1250 4108 Idem
1274 4036 1310 4108 in
1327 4035 1485 4107 Humilia
1501 4036 1612 4106 xx1u¹¹
1627 4032 1673 4105 de
1690 4033 1853 4107 iohanne
1873 4038 2052 4135 Baptista:

479 4155 584 4249 «Ego
607 4176 676 4225 vox
696 4153 882 4227 clamantis
899 4155 936 4226 in
958 4153 1140 4227 deserto.»
1160 4153 1245 4226 ldeo
1265 4178 1349 4247 vox,
1368 4153 1496 4251 inquit,
1518 4151 1694 4251 propheta
1711 4166 1860 4225 vocatus
1880 4168 1946 4246 est,
1973 4157 2056 4253 quia

476 4268 628 4344 verbum
643 4271 801 4370 praeibat,
818 4303 835 4339 t>
853 4271 953 4370 quod
972 4288 1024 4346 est
1044 4272 1164 4345 dicere
1181 4300 1191 4345 ι
1210 4272 1308 4346 Sicut
1323 4271 1475 4346 verbum
1490 4270 1646 4344 audibile
1665 4272 1701 4343 in
1713 4271 1876 4345 auditore
1892 4274 2056 4372 praecedit

476 4387 706 4486 intelligibile,
734 4391 818 4489 quia
843 4389 1008 4463 videlicet
1033 4391 1131 4490 prius
1158 4415 1228 4463 vox
1255 4405 1373 4482 souat,
1402 4405 1441 4464 ut
1465 4388 1698 4489 postmodum
1726 4415 1769 4463 ex
1793 4414 1836 4462 ea
1859 4390 2056 4464 intellectus

477 4507 689 4606 concipitur,
714 4509 763 4582 ita
787 4507 960 4582 iohannis
981 4507 1187 4608 pradicatio
1211 4508 1369 4584 anteibat
1393 4508 1587 4581 adveutum
1614 4509 1761 4580 Domini
1786 4509 2052 4582 annunciando.

478 4626 635 4699 Verbum
656 4628 774 4724 itaque
797 4627 883 4701 dicit
902 4643 1116 4728 conceptum
1135 4629 1277 4723 mentis,
1300 4643 1334 4702 et
1353 4626 1547 4725 quamdam
1566 4625 1804 4722 intelligentias
1823 4628 2052 4720 locutionem,

477 4769 555 4844 quae
572 4747 608 4818 in
629 4760 748 4820 mente
765 4747 951 4842 formatur,
970 4748 1017 4822 ad
1034 4748 1136 4846 cujus
1152 4747 1421 4822 similitudinem
1437 4746 1640 4846 unigenitus
1653 4747 1720 4819 Dei
1735 4744 1893 4819 Verbum
1910 4747 2053 4840 dicitur,

512 4973 621 5037 meu..
633 4984 686 5036 rap.
695 4988 740 5040 ιιι,
751 4991 774 5029 v.
787 4976 982 5030 tb-‘Psclm
992 4991 1027 5043 ιι,
1038 4991 1062 5029 ι.
1075 4982 1135 5030 a·
1144 4980 1239 5042 ⁸sup,
1292 4989 1317 5029 ι.
1331 4979 1356 5028 a.
1370 5001 1398 5013 -
1411 4978 1421 5008 ⁸
1434 4974 1533 5027 Psaim.
1549 4981 1640 5037 cxxxv,
1651 4988 1674 5024 ι.
1687 4978 1748 5026 u-
1758 4977 1769 5008 ι
1779 4975 1805 5029 S.
1820 4975 1906 5038 Grec,
1923 4978 2008 5038 Boin,
2021 4989 2054 5027 su

476 5069 530 5120 erp.
551 5069 577 5117 ιι,
589 5068 614 5108 ι.
629 5058 651 5108 1.
676 5080 705 5095 -
725 5056 734 5089 ⁴
749 5054 849 5119 lium,
864 5071 918 5123 eap-
942 5071 977 5120 u,
999 5044 1070 5112 ι.ἰ.
1085 5083 1117 5097 -
1137 5060 1147 5091 ⁸
1162 5058 1241 5119 ibid,
1293 5069 1360 5107 uum.
1372 5060 1396 5109 t.
1412 5082 1442 5094 -
1455 5056 1563 5120 tium,
1574 5070 1628 5121 ιιι).
1642 5069 1659 5119 ι,
1671 5069 1696 5107 ι.
1711 5060 1734 5109 1.
1746 5081 1776 5093 -
1788 5059 1803 5091 ⁸¹
1813 5055 1898 5119 Grec,
1910 5057 1997 5119 Hom,
2007 5069 2057 5116 n,

476 5149 529 5199 esp.
541 5150 582 5198 xv,
592 5152 615 5188 ι.
630 5137 667 5189 tt.
680 5161 709 5174 -
719 5134 811 5188 ‘uena
823 5173 830 5200 ,
842 5150 896 5201 cap.
911 5149 928 5199 t,
941 5135 1240 5198 v.t.-’Psotm.uu1‚
1292 5150 1360 5188 nun.
1381 5141 1405 5190 ι.
