4559 6100
442 549 512 620 232
1040 543 1168 623 Plll'lil
1194 550 1429 625 ABAELARDI

440 699 538 770 irrita
556 698 751 790 videretur,
767 702 858 771 sicut
873 698 919 771 de
931 699 1049 797 impiis
1065 699 1197 772 dicitur
1205 704 1228 793 ¹,
1242 730 1261 769 «
1274 725 1355 799 spes
1371 714 1492 772 atrtem
1510 698 1706 796 impiorum
1721 692 1863 793 peribit,
1879 721 1896 761 u
1917 692 2029 782 addit,

443 849 460 884 a
473 842 553 916 spes
565 833 727 910 antem,»
748 819 881 891 scilicet
896 817 984 909 haec,
1003 843 1104 891 «non
1117 819 1321 910 confundit,
1337 847 1356 888 »
1376 817 1413 889 id
1429 832 1494 909 est,
1520 815 1805 889 erubescentiam
1828 810 1935 885 nobis
1958 836 2031 883 non

440 936 592 1032 acquirit
608 937 645 1007 in
665 936 799 1027 luturo,
822 938 906 1034 quia
921 952 1102 1037 speratum
1119 937 1382 1027 obtinebimus3
1402 915 1438 1008 el
1455 936 1556 1033 quasi
1572 935 1652 1033 quis
1672 933 1830 1030 requirat
1846 930 1944 1003 unde
1962 930 2033 1002 hoc

443 1057 533 1127 scire
554 1079 761 1153 possumus,
780 1055 969 1154 adjungit:
999 1057 1124 1145 «Quia
1147 1056 1356 1129 charitatem
1377 1052 1554 1127 habemus
1579 1078 1644 1154 per
1666 1075 1776 1150 quam
1797 1074 2032 1149 speramus»

444 1198 704 1272 promeremur.
731 1179 773 1247 Et
799 1174 870 1247 hoc
892 1189 957 1268 est,
984 1207 1002 1244 α
1023 1177 1107 1274 quia
1133 1175 1287 1248 charitas
1311 1175 1389 1268 Dei,
1415 1188 1485 1246 etc.
1509 1203 1527 1240 n
1559 1173 1624 1245 Dei
1644 1172 1788 1260 dicitur,
1806 1169 1924 1261 idest,
1945 1193 2035 1267 pure

444 1309 592 1393 propter
605 1295 803 1367 Dominum
817 1293 951 1383 habita,
971 1294 1017 1366 ad
1034 1293 1274 1367 differentiam
1285 1294 1437 1366 carnalis
1452 1291 1666 1365 dilectionis.
1685 1290 1887 1376 caritatem,
1912 1287 2033 1372 idest,

444 1412 673 1487 dilectionem
689 1413 856 1487 diffusam
872 1413 972 1504 dicit,
984 1439 1064 1513 qnae
1080 1415 1264 1486 inimicum
1282 1412 1701 1512 quoquecomplectitur.
1714 1414 1767 1480 De
1777 1431 1849 1506 qua
1862 1406 2034 1505 scriptum

444 1541 533 1609 est²:
548 1567 565 1606 u
581 1539 708 1610 Omnis
724 1539 1044 1611 consummationis
1057 1539 1133 1612 vidi
1145 1537 1268 1628 finem,
1282 1539 1394 1611 latum
1410 1536 1621 1610 mandatum
1635 1550 1739 1607 tuum
1751 1534 1870 1620 nimis,
1886 1559 1904 1600 n
1916 1530 1953 1603 id
1966 1544 2032 1619 est,

445 1656 619 1755 perpendi
635 1671 741 1754 atque
762 1657 920 1731 intellexi
944 1657 1057 1731 latum
1083 1674 1186 1730 tuum
1211 1657 1423 1731 decantate
1448 1654 1661 1729 mandatum
1683 1652 1793 1726 finem
1816 1675 1892 1724 esse
1918 1651 2037 1722 omnis

445 1777 782 1869 consummationis,
797 1777 847 1870 'id
862 1792 927 1870 est,
949 1779 1037 1851 illud
1058 1803 1133 1851 esse
1157 1778 1203 1851 ad
1218 1777 1318 1876 quod
1340 1778 1589 1849 universorum
1613 1788 1760 1847 tuorum
1786 1770 2037 1844 mandatomm

446 1898 598 1968 intentio
615 1895 790 1993 dirigitur.
809 1901 986 1997 «Propter
997 1898 1170 1996 Spiritum
1185 1912 1350 1970 sanctum
1365 1896 1427 1994 qui
1448 1895 1552 1968 datus
1574 1908 1627 1968 est
1645 1892 1764 1984 nohis,
1781 1921 1799 1958 i
1827 1889 1866 1962 id
1880 1904 1947 1981 est,
1974 1913 2039 1988 per

448 2016 695 2112 operationem
711 2018 831 2112 gratiae
853 2016 981 2089 divinae
1011 2018 1117 2090 nobis
1139 2017 1288 2090 collatae.
1318 2017 1536 2113 Augustinus
1560 2013 1603 2084 de
1621 2015 1794 2085 Doctrina
1812 2010 2035 2099 chamna,

448 2134 510 2205 lib.
528 2138 613 2208 lV⁸:
629 2137 871 2212 «Patientiam
886 2152 1056 2236 operatur
1068 2137 1253 2211 tribulatio
1261 2140 1285 2227 ⁸,
1297 2151 1383 2226 etc,
1399 2137 1636 2233 »agnoscitur
1652 2131 1764 2229 ligura
1782 2155 1861 2228 quae
1878 2130 2036 2200 [annea

448 2253 664 2350 quibusdam
681 2270 734 2328 est
748 2256 924 2356 appellata
942 2257 1123 2354 gradatio,
1153 2282 1235 2330 cum
1264 2255 1372 2330 verba
1401 2256 1458 2329 vel
1478 2280 1582 2329 sensa
1598 2264 1862 2326 connectuntur
1887 2248 2039 2320 alterum

447 2398 490 2444 ex
510 2375 635 2462 altero,
662 2374 754 2446 sicut
771 2375 831 2447 hic
856 2400 899 2447 ex
926 2375 1157 2449 tribulatione
1183 2376 1409 2476 patientiam,
1434 2400 1477 2449 ex
1502 2374 1672 2475 patientia
1698 2368 1966 2470 probationem,
1996 2393 2038 2441 ex

448 2493 663 2590 probatione
679 2520 782 2595 spem
798 2522 998 2573 connexam
1018 2499 1196 2572 videmus.
1215 2531 1232 2567 i

501 2645 518 2677 α
535 2619 581 2685 Ut
595 2615 683 2711 quid
700 2619 811 2689 enim.
833 2649 851 2684 i
879 2621 1006 2691 Merito
1029 2618 1103 2690 dixi
1123 2620 1308 2692 caritatem
1330 2617 1498 2691 dilinsam
1519 2619 1556 2689 in
1584 2613 1755 2688 cordibus
1777 2611 1920 2683 nostris.
1951 2612 2039 2682 Nam

399 2801 411 2817 .
449 2746 598 2830 propter
618 2733 707 2830 quid
721 2735 833 2828 aliud,
852 2736 1097 2809 nisividelieet
1111 2753 1151 2808 ut
1167 2739 1203 2809 in
1221 2737 1327 2810 nobis
1348 2737 1554 2810 dilataretur
1577 2736 1705 2808 caritas
1724 2733 1816 2805 Dei?
1838 2760 1857 2797 a
1880 2727 2040 2800 Christus

450 2864 615 2922 mortuus
631 2865 684 2923 est
698 2852 898 2925 secundum
917 2869 1104 2954 tempus‚›>
1125 2855 1164 2928 id
1186 2870 1251 2946 est,
1277 2857 1377 2955 quasi
1403 2855 1449 2929 ad
1473 2855 1603 2927 horam
1628 2867 1663 2927 et
1688 2854 1724 2925 in
1747 2850 1894 2922 transitu
1916 2846 2042 2919 mortis

450 2969 629 3062 detentus,
648 2971 711 3069 qui
724 2971 796 3044 cito
812 2974 1017 3045 resurrexit.
1040 3005 1057 3041 u
1072 2979 1141 3047 Pro
1157 2974 1276 3076 impiis
1290 2989 1453 3048 mortuus
1467 2989 1533 3068 est,
1552 3007 1568 3040 »
1589 2988 1628 3046 ut
1648 2997 1710 3046 eos
1725 2968 1887 3042 videlicet
1901 2991 1922 3038 a
1938 2965 2040 3037 dam·

450 3092 597 3162 natione
607 3089 787 3165 liberaret.
808 3091 1061 3167 «Cumadhno
1075 3094 1209 3168 infirmi
1226 3120 1398 3170 essemus.
1418 3127 1435 3163 i
1454 3094 1661 3168 Notandum
1673 3116 1759 3166 vero
1768 3086 2040 3189 esthpostolum

449 3208 520 3281 boc
535 3209 618 3282 loco
631 3209 783 3282 modum
801 3226 932 3284 nostrae
958 3212 1215 3313 redemptionis
1236 3240 1302 3314 per
1323 3229 1477 3287 mortem
1505 3214 1635 3286 Christi
1649 3224 1813 3311 patenter
1829 3207 2040 3306 exprimere,

450 3328 709 3402 cumvidelicet
721 3354 805 3402 eum
823 3355 891 3429 pro
909 3329 1015 3403 nobis
1032 3357 1107 3405 non
1123 3333 1173 3406 oh
1186 3334 1284 3406 aliud
1302 3350 1485 3407 mortuum
1504 3333 1604 3423 dicit,
1626 3333 1694 3404 nisi
1716 3355 1782 3429 per
1806 3352 1928 3401 veram
1946 3324 2044 3398 illam

449 3449 603 3520 caritatis
620 3448 819 3522 libertatem
839 3451 875 3522 in
889 3450 995 3523 nobis
1012 3453 1299 3552 propagandam,
1314 3455 1486 3555 perhanc
1502 3453 1666 3526 videlieet
1680 3476 1753 3550 qna
1766 3448 1871 3522 nobis
1886 3445 2044 3519 exhibuit

450 3592 629 3640 summam
638 3568 880 3662 dilectionem,
893 3572 984 3643 sicut
992 3572 1069 3668 ipse
1079 3573 1194 3644 airzi
1205 3574 1377 3669 Majorem
1386 3574 1456 3646 bac
1463 3573 1689 3645 dilectionem
1700 3594 1809 3643 nemo
1816 3566 1938 3655 babet,
1948 3581 2041 3639 etc.»

451 3688 503 3755 De
513 3711 586 3783 quo
596 3686 741 3782 quidem
749 3687 1007 3786 redemptionis
1016 3690 1128 3762 modo
1138 3715 1246 3789 supra
1253 3717 1321 3764 nos
1328 3694 1412 3765 satis
1420 3693 1575 3765 arbitror
1584 3691 1826 3764 disseruisse«
1836 3688 1899 3758 Vix
1907 3687 2014 3758 enim.
2025 3715 2041 3753 o

451 3803 531 3874 Dixi
547 3802 728 3877 Christum
743 3830 810 3903 pro
825 3807 944 3904 impiis
960 3822 1145 3880 mortuum
1159 3833 1247 3902 esse,
1263 3825 1304 3882 ut
1320 3811 1448 3884 caritas
1458 3811 1495 3883 in
1508 3810 1678 3885 cordibus
1692 3804 2045 3881 nostrisdillundere·

452 3936 522 4012 tur,
532 3925 633 4019 quasi
650 3923 722 3997 hoc
738 3947 907 4020 magnum
926 3940 1018 3998 esset
1027 3927 1128 4025 quod
1146 3929 1278 4001 fecerit.
1292 3935 1336 4001 Et
1344 3955 1428 4003 vere
1442 3954 1614 4029 magnum
1622 3931 1694 4003 hoc
1701 3944 1738 4002 et
1746 3927 1954 4000 salutarium
1964 3925 2042 4015 fnit,

435 4044 567 4112 Deum
581 4042 713 4116 scilicet
722 4068 790 4141 pro
806 4045 925 4142 impiis
937 4046 1043 4139 mori,
1062 4048 1147 4144 quia
1161 4049 1219 4121 vix
1236 4049 1461 4148 prohomine
1478 4051 1542 4122 iste
1557 4050 1670 4124 homo
1689 4047 1782 4120 mori
1790 4046 1952 4119 sustinet.
1965 4043 2046 4116 Dixi

452 4162 523 4252 vix,
539 4186 582 4232 ex
597 4176 675 4234 toto
685 4164 824 4261 negavi,
835 4164 919 4262 quia
936 4165 1081 4239 fortasse
1092 4168 1158 4238 etsi
1170 4168 1347 4240 rarissime
1362 4181 1479 4267 potest
1494 4168 1655 4267 reperiri,
1667 4167 1730 4265 qui
1741 4190 1809 4266 pro
1818 4188 1942 4237 amore
1957 4161 2045 4234 boni

424 4308 429 4315 ·
452 4279 620 4374 hominis,
642 4281 678 4353 id
700 4297 752 4355 est
764 4283 850 4380 justi
870 4285 1072 4358 moriatur⁶.
1093 4288 1138 4359 Et
1159 4284 1231 4359 boc
1248 4301 1313 4375 est,
1336 4317 1353 4355 «
1370 4266 1462 4359 Nani
1479 4311 1547 4385 pro
1563 4287 1676 4375 bono,
1694 4315 1712 4355 u
1731 4284 1865 4358 scilicet
1880 4281 2042 4373 bomine,

454 4426 471 4465 a
483 4399 630 4471 forsitan
642 4402 735 4498 quis,
747 4429 766 4471 »
776 4402 813 4475 id
824 4417 875 4475 est
883 4403 1022 4501 aliquis,
1035 4433 1053 4473 r<
1062 4404 1193 4478 audeat
1202 4409 1308 4497 mori,
1324 4434 1341 4475 u
1352 4407 1466 4478 sciens
1475 4430 1513 4478 se
1525 4431 1546 4478 a
1556 4407 1713 4479 Domino
1726 4398 2043 4478 remunerandum.

452 4522 542 4589 Cum
558 4518 645 4591 dicit
670 4520 889 4613 «forsitam»
910 4537 945 4595 et
965 4523 1139 4613 «audeat,
1157 4555 1175 4592 i
1195 4524 1442 4598 difficultatem
1459 4525 1629 4598 insinuat.
1651 4524 1813 4597 Christus
1834 4535 1952 4594 autem
1968 4543 2044 4591 non

452 4639 569 4709 solum
583 4661 689 4710 ausus
703 4642 809 4730 mori,
824 4641 885 4714 sed
898 4657 934 4715 et
945 4658 1108 4716 mortuus
1122 4659 1176 4717 est
1187 4670 1254 4743 pro
1269 4643 1530 4745 peccatoribus,
1546 4660 1654 4744 etper
1666 4642 1926 4717 exhibitionem
1939 4652 2044 4711 tantae

452 4757 585 4851 gloriae,
605 4788 623 4825 r
642 4760 874 4834 commendat
889 4766 998 4852 Deus,
1019 4791 1037 4832 n
1060 4762 1097 4834 id
1115 4779 1168 4836 est
1186 4764 1338 4839 aedificat
1355 4766 1430 4837 sive
1447 4764 1639 4837 confirmat
1658 4786 1790 4836 «suam
1806 4760 1990 4833 caritatem
2009 4758 2044 4829 in

487 5070 594 5133 *Proo.,
608 5086 703 5136 rapx,
722 5087 745 5121 r.
758 5076 797 5124 28.
809 5099 836 5108 —
846 5075 854 5103 ²
864 5072 976 5125 Paulos..
990 5086 1080 5123 curru.
1097 5088 1118 5120 r.
1132 5077 1172 5127 96.
1184 5102 1211 5111 -
1224 5076 1304 5137 ³021).
1316 5091 1362 5127 m.
1375 5078 1481 5140 0pp.,t.
1494 5075 1541 5139 lll,
1554 5078 1601 5127 col.
1621 5078 1672 5126 ru.
1689 5099 1717 5111 ·-
1730 5076 1737 5102 ⁶
1750 5074 1835 5130 Itum,
1849 5084 1903 5132 cap.
1916 5084 1941 5128 r,
1955 5080 1978 5117 r.
1991 5070 2045 5118 &5-

456 5162 500 5196 -³
510 5160 592 5224 toan,
608 5179 664 5227 rap.
677 5179 721 5216 xr.
736 5181 758 5216 r.
774 5169 812 5217 tt.
825 5191 855 5203 -
868 5164 945 5216 ‘llate
954 5163 1026 5217 Amb.
1038 5166 1201 5217 limitantur.
