4559 6100
459 574 549 647 'at-t
1062 575 1208 647 'PETlll
1234 576 1467 650 ABAELARDl

475 725 612 797 Veritas
629 723 706 821 ipsa
723 721 908 822 perhibeat
924 737 1111 822 peccatum
1122 726 1159 796 in
1171 727 1343 824 Spiritum
1358 752 1432 800 non
1452 754 1527 802 esse
1543 728 1766 821 remissibile,
1785 742 2068 826 compeccatum

459 846 529 917 'in'
546 848 686 916 Patrem
714 855 750 915 et
774 843 965 915 in'Filium
993 843 1204 917 remissibile
1232 845 1350 938 dicat,
1380 849 1438 919 cui
1467 862 1589 947 aperte
1616 873 1692 920 non
1718 847 1875 919 insinuet
1899 847 2068 946 Spiritum

475 966 593 1062 ipsum
609 987 683 1035 non
703 964 880 1034 minorem
898 988 972 1034 esse
989 968 1091 1035 Patre
1116 979 1152 1035 et
1170 964 1277 1054 Filio,
1296 989 1337 1037 ac
1355 991 1420 1065 per
1437 966 1508 1040 hoc
1529 969 1648 1067 ipsum
1665 968 1772 1041 etiam
1788 970 1905 1039 Deum
1921 966 2068 1065 plenum
2111 1047 2114 1052 ,

478 1107 567 1175 esse,
587 1084 677 1154 sicut
693 1097 746 1153 est
763 1086 865 1153 Pater
880 1084 969 1180 ipse,
990 1083 1046 1155 vel
1064 1082 1191 1155 Filius?
1212 1084 1338 1182 Liquet
1355 1087 1475 1183 itaque
1491 1113 1534 1159 ex
1550 1111 1658 1186 supra
1674 1087 1799 1186 positis
1820 1101 1895 1157 tam
1913 1084 2068 1158 Verbum

477 1202 559 1296 Dei,¹
576 1225 685 1299 quam
702 1201 872 1299 Spiritum
890 1201 964 1298 ejus
980 1205 1095 1274 Deum
1112 1227 1201 1292 esse,
1221 1204 1311 1275 sicut
1329 1219 1365 1276 et
1376 1206 1453 1303 ipse
1469 1206 1571 1303 cujus
1585 1221 1638 1278 est
1657 1204 1813 1278 Verbum
1829 1203 1885 1276 vel
1903 1205 2066 1303 Spiritus.

483 1321 680 1419 intelligant
704 1322 822 1419 igitur,
843 1334 884 1392 ut
901 1320 1037 1392 dictum
1059 1336 1124 1411 est,
1150 1321 1222 1394 hoc
1236 1321 1396 1395 Verbum
1413 1326 1574 1414 Domini,
1602 1325 1640 1396 id
1664 1339 1717 1397 est
1737 1325 1865 1396 Filium
1888 1325 1973 1416 Dei,
1993 1347 2068 1395 non

482 1438 726 1509 transitorium
752 1434 915 1527 verbum,
944 1460 1019 1507 non
1046 1436 1216 1528 audibile,
1235 1437 1299 1509 sed
1319 1438 1568 1531 intellectuale,
1595 1440 1667 1513 hoc
1688 1455 1741 1513 est
1762 1441 1877 1538 ipsam
1895 1439 2069 1511 rationem

480 1559 555 1630 sive
577 1557 794 1656 Sapientiam
812 1568 1027 1627 coaeternam
1052 1560 1143 1646 Deo,
1171 1580 1281 1654 quam
1304 1557 1375 1629 dici
1398 1561 1567 1631 convenit
1585 1560 1910 1658 omnisapientiam,
1930 1560 2020 1630 sicut
2035 1572 2071 1630 et

411 1685 415 1694 '
481 1678 633 1750 dicimus
661 1677 973 1775 omnipotentiam.
1001 1673 1104 1748 Unde
1121 1690 1158 1747 et
1180 1677 1351 1773 scripturn
1374 1682 1441 1749 est¹
1463 1707 1471 1748 r
1496 1708 1514 1748 u
1526 1680 1651 1751 Omnis
1675 1678 1853 1777 Sapientia
1874 1678 2069 1751 aDomino

478 1801 555 1871 Deo
569 1811 623 1871 est
639 1812 674 1869 et
690 1821 773 1868 cum
790 1795 851 1867 illo
872 1795 939 1867 luit
954 1821 1108 1895 semper,
1127 1810 1163 1868 et
1180 1811 1331 1868 estante
1355 1823 1483 1870 aevrrm.
1501 1829 1519 1867 a
1539 1800 1609 1887 Qui
1628 1800 1735 1871 etiam
1752 1799 1789 1869 in
1811 1796 1904 1870 libro
1920 1800 2070 1894 Sapien-

483 1926 538 1995 tiae
567 1939 684 1994 verus
701 1921 767 1992 Dei
795 1918 902 1990 Filius
931 1934 967 1991 et
998 1919 1308 1991 consubstantialis
1339 1937 1572 2014 monstratur,
1603 1924 1648 1994 ad
1677 1921 1912 1994 differentiam
1941 1921 2072 1993 scilicet

482 2042 735 2141 adoptivorum
750 2037 919 2124 liliorum,
935 2037 981 2110 de
995 2037 1127 2136 quibus
1140 2064 1205 2138 per
1221 2039 1512 2138 praedicationem
1526 2043 1602 2139 ejus
1616 2047 1693 2114 Deo
1707 2042 1886 2139 acquisitis
1900 2042 2070 2140 scriptum

483 2166 565 2254 est',
591 2165 812 2256 «Quotquot
833 2173 951 2230 autem
973 2173 1188 2256 receperunt
1203 2183 1301 2249 eum,
1329 2159 1429 2232 dedit
1453 2161 1503 2232 eis
1520 2175 1732 2259 potestatem
1751 2159 1845 2232 filios
1863 2161 1929 2232 Dei
1948 2159 2034 2232 lieri.
2051 2189 2068 2225 n

481 2283 539 2353 Sic
553 2283 697 2379 quippe
717 2303 799 2351 curn
824 2279 899 2375 ejus
920 2279 1038 2377 passio
1062 2279 1100 2348 in
1124 2280 1310 2374 Sapientia
1332 2278 1517 2378 manifeste
1535 2279 1824 2377 prophetaretur,
1849 2283 1943 2351 inter
1957 2294 2072 2352 cetera

481 2401 528 2475 ab
548 2402 668 2500 impiis
689 2397 825 2470 dictum
847 2401 945 2470 est':
969 2399 1037 2469 «Si
1059 2397 1157 2470 enirn
1174 2411 1227 2469 est
1251 2422 1356 2469 verus
1375 2398 1482 2469 Filius
1498 2399 1583 2485 Dei,
1603 2399 1769 2497 suscipiet
1788 2397 1910 2492 illum,
1930 2412 1965 2470 et
1981 2397 2071 2473 libe·

482 2522 575 2595 rabit
598 2522 643 2593 de
656 2545 775 2593 -manu
799 2518 1075 2592 contrariorum.
1097 2547 1114 2586 a
1140 2522 1242 2591 Hanc
1261 2533 1296 2590 et
1315 2534 1437 2617 aperte
1454 2519 1719 2617 generationem
1738 2517 1928 2617 profitetur
1952 2534 2072 2591 sancta

482 2643 601 2714 anima
627 2665 692 2738 per
719 2643 835 2711 Deum
861 2637 1023 2729 liberata,
1051 2662 1135 2709 eum
1160 2640 1196 2708 in
1222 2638 1469 2709 Ecclesiastico
1492 2639 1597 2710 dicit*
1622 2665 1631 2708 z
1655 2639 1853 2709 «luvocavi
1877 2639 2072 2709 Dominum

482 2765 620 2834 Patrem
637 2758 783 2829 Domini
801 2757 885 2845 mei,
904 2771 943 2828 ut
960 2779 1034 2826 non
1052 2754 1278 2851 derelinquat
1295 2781 1352 2828 me
1370 2758 1407 2827 in
1426 2757 1485 2829 die
1500 2756 1740 2830 tribulationis
1756 2781 1855 2829 mete.
1877 2785 1894 2823 u

508 2884 633 2950 =Nunc
661 2890 779 2948 autem
804 2890 887 2975 post
912 2874 1115 2947 testimonia
1142 2872 1402 2974 prophetarum
1425 2873 1565 2950 deiide
1588 2876 1781 2966 Trinitatis,
1807 2875 1893 2947 libet
1917 2890 1960 2947 et·
1977 2879 2072 2947 testi·

482 2999 605 3072 monia
630 2995 930 3096 philosophorum
949 3018 1176 3095 supponere,
1197 3018 1289 3093 quos
1305 2992 1365 3067 ad
1377 2996 1497 3069 unius
1520 2998 1586 3071 Dei
1606 2996 1874 3094 intelligentiam
1900 3009 1978 3067 turn
1994 2996 2071 3095 ipsa

482 3117 717 3220 philosophiae
749 3122 839 3191 ratio
867 3115 1053 3216 perduxit,
1083 3139 1154 3214 qua
1178 3117 1279 3213 juxta
1306 3116 1547 3216 Apostolum&
1581 3116 1801 3190 «invisibilia
1824 3117 1935 3214 ipsius
1960 3116 2026 3188 Dei
2051 3143 2073 3190 a
2119 3196 2121 3198 ,

482 3252 643 3313 creatura
664 3236 791 3311 mundi
814 3261 877 3336 per
894 3261 936 3309 ea
951 3261 1030 3334 quae
1048 3236 1255 3329 factasunt,
1274 3235 1452 3309 intellecta
1468 3238 1752 3335 conspiciuntur,
1765 3267 1782 3302 r
1802 3250 1879 3308 tum
1896 3236 1973 3334 ipsa
1986 3259 2074 3307 eon·

482 3361 723 3433 tinentissimae
746 3354 1019 3431 vitaesobrietas
1039 3353 1200 3454 quodam
1227 3356 1278 3429 eis
1298 3358 1427 3431 merito
1448 3356 1485 3429 id
1510 3358 1627 3456 ipsum
1651 3355 1854 3454 adquisivit.
1876 3353 2075 3453 Oportebat

482 3481 616 3580 quippe
633 3493 672 3550 ut
688 3493 775 3550 tunc
791 3478 899 3550 etiam
915 3477 952 3548 in
966 3474 1051 3575 ipsis
1065 3475 1294 3575 praesignaret
1308 3480 1406 3549 Deus
1423 3502 1489 3577 per
1504 3475 1648 3572 aliquod
1667 3473 1941 3547 abundantioris
1956 3475 2073 3570 gratiae

483 3601 635 3693 donum,
658 3620 767 3695 quam
790 3596 970 3695 acceptior
990 3596 1035 3668 sit
1057 3596 1090 3668 ei
1110 3595 1174 3693 qui
1194 3592 1312 3666 sobrie
1328 3596 1431 3689 vivit,
1457 3610 1545 3668 etse
1566 3594 1612 3668 ab
1629 3594 1802 3669 illecebris
1819 3593 1926 3692 hujus
1948 3592 2074 3666 mundi

479 3718 553 3821 per'
566 3731 790 3792 contemtum
813 3716 888 3812 ejus
917 3714 1108 3808 subtrahit,
1136 3738 1247 3812 quam
1272 3714 1337 3811 qui
1362 3713 1605 3814 voluptatibus
1629 3717 1705 3812 ejus
1733 3714 1875 3787 deditus
1898 3715 2074 3813 spurcitiis

480 3834 649 3908 omnibus
664 3858 703 3906 se
721 3834 911 3930 immergit.
931 3836 1081 3920 Quantae
1104 3843 1224 3903 antem
1240 3828 1463 3902 abstinentie
1475 3846 1510 3904 et
1527 3833 1754 3904 continentiae
1771 3829 1979 3930 philosophi
1996 3828 2074 3899 lue·

479 3956 565 4044 rint,
592 3954 705 4028 sancti
728 3954 835 4026 etiam
860 3950 1027 4024 doctores
1045 3948 1203 4042 tradunt,
1227 3950 1290 4047 qui
1316 3965 1351 4022 et
1377 3975 1503 4022 eorum
1523 3952 1632 4024 vitam
1658 3950 1704 4023 ad
1727 3966 1889 4025 nostram
1914 3950 2074 4046 increpa·

481 4076 616 4149 tionem
639 4074 831 4168 inducunt,
856 4087 893 4145 et
907 4071 1078 4170 pleraque
1099 4095 1142 4142 er
1167 4068 1394 4143 documentis
1417 4095 1543 4142 eorum
1570 4071 1767 4146 moralibus
1783 4070 1839 4144 vel
1863 4068 2074 4142 testimoniis

481 4195 565 4269 fidei
587 4195 633 4269 ad
648 4193 921 4269 edificationem
945 4206 1105 4263 nostram
1131 4204 1317 4263 assumunt
1333 4216 1341 4260 :
1361 4188 1461 4287 quod
1478 4191 1542 4288 qui
1558 4191 1713 4287 ignorat,
1731 4193 1825 4289 legat
1841 4188 1967 4262 saltem
1991 4187 2075 4258 Hie·

481 4339 674 4414 ronymnm
693 4317 828 4387 Contra
844 4313 1089 4399 Iovinianam,
1113 4322 1149 4380 et
1169 4307 1296 4381 viderit
1320 4323 1453 4405 quanta
1470 4309 1516 4382 de
1542 4334 1669 4383 eorum
1691 4307 1881 4383 virtutibus
1902 4308 1957 4380 rel
1979 4320 2075 4379 cete·

482 4459 606 4507 rorum
630 4433 815 4530 gentilium
836 4427 1046 4523 reserenari
1068 4425 1328 4525 impudentiam
1351 4427 1484 4499 scilieet
1508 4428 1600 4501 illius
1621 4428 1777 4502 haeretici
1802 4424 2074 4499 conterendam.

483 4554 634 4627 Maxime
661 4566 781 4626 autem
806 4564 842 4623 et
863 4575 930 4637 nos
949 4549 1021 4622 hoc
1042 4572 1153 4648 opere
1168 4546 1381 4620 testimoniis
1396 4571 1461 4619 seu
1478 4548 1676 4621 rationibus
1692 4546 1993 4648 philosophorum
2011 4546 2077 4618 niti

482 4674 665 4763 convenit,
680 4672 718 4743 in
733 4696 807 4768 quo
820 4668 990 4743 adversus
1003 4692 1065 4741 eos
1077 4668 1256 4767 praecipue
1271 4667 1422 4763 agimus,
1437 4668 1503 4766 qui
1518 4666 1626 4740 fidem
1640 4683 1802 4740 nostram
1818 4664 2078 4765 philosophicis

483 4795 646 4866 nituntur
662 4813 873 4894 oppugnare
888 4788 1129 4879 documentis,
1148 4786 1343 4887 presertim
1366 4811 1450 4859 cnm
1467 4810 1590 4878 nemo,
1608 4786 1678 4859 nisi
1693 4809 1759 4893 per
1776 4807 1915 4882 eaquae
1937 4784 2073 4883 recipit,

514 5103 635 5166 maun
649 5099 967 5169 up.r‚r.t.-¹ton.‚
982 5113 1100 5166 capra.
1114 5103 1153 5155 tr.
1172 5102 1422 5165 -⁸Sup.,ap.u,
1436 5101 1509 5153 att.
1523 5098 1688 5162 -‘Erstes.‚
1704 5112 1760 5164 esp.
1778 5110 1811 5162 n,
1825 5111 1849 5149 r.
1867 5100 1906 5151 tt.
1923 5121 1954 5137 -
1969 5094 2076 5158 than..

481 5197 537 5246 cap.
550 5199 571 5249 t,
585 5200 609 5238 s.
622 5189 662 5238 20.
