4559 6100
499 511 571 583 ll0
1099 509 1229 582 PE'l'Rl
1257 512 1486 596 tumetum

501 685 542 734 ac
572 673 722 759 propter
746 660 866 757 ipsum
892 661 936 731 sit
966 686 974 728 :
1005 655 1105 731 facile
1136 673 1190 731 est
1221 674 1256 732 et
1288 662 1359 733 hoc
1390 662 1537 759 reperiri
1562 662 1661 761 apud
1694 661 1948 762 philosophos,
1988 664 2087 760 quod

501 803 683 852 summum
716 776 856 849 bonum
894 777 994 875 quod
1020 782 1118 849 Deus
1139 791 1214 870 est,
1240 780 1403 850 omnium
1440 795 1512 851 tam
1541 781 1778 881 principium,
1816 781 1854 853 id
1892 793 1945 856 est
1980 783 2086 879 origi·

503 923 586 971 nem
613 913 649 970 et
678 923 823 971 causam
856 897 1090 988 efficientem,
1136 924 1245 995 quam
1277 898 1416 991 finem,
1456 899 1493 971 id
1522 917 1576 974 est
1604 901 1747 975 finalem
1780 926 1925 975 cansam
1958 903 2089 976 consti·

504 1033 619 1110 tuunt,
641 1032 679 1089 ut
702 1017 823 1088 omnia
844 1016 976 1090 scilicet
998 1016 1108 1106 bona,
1129 1040 1252 1089 amore
1269 1018 1379 1115 ipsius
1401 1016 1500 1111 fiant,
1520 1020 1620 1115 cujus
1651 1044 1692 1092 ex
1729 1020 1829 1092 dono
1852 1021 2085 1117 proveniunt3

505 1138 600 1208 unde
628 1140 746 1234 ipsum
769 1133 883 1233 Alpha
918 1152 953 1207 et
985 1139 1145 1231 Omega,
1174 1136 1245 1207 hoc
1275 1150 1327 1208 est
1360 1137 1575 1235 principium
1602 1153 1638 1210 et
1663 1137 1766 1234 finis,
1801 1121 1896 1210 recte
1926 1140 2088 1211 nomina·

505 1282 597 1346 mus,
628 1279 650 1327 a
681 1280 755 1353 quo
787 1270 871 1327 sunt
897 1256 1040 1346 omnia,
1071 1268 1107 1326 et
1134 1269 1283 1353 propter
1326 1279 1436 1352 quem
1470 1256 1604 1328 omnia.
1645 1262 1748 1328 Hunc
1781 1256 1881 1329 Plato
1910 1258 2086 1354 optimum

504 1392 540 1448 et
563 1375 782 1447 inellabilem
808 1374 973 1446 omnium
995 1388 1205 1448 naturarum
1227 1372 1452 1444 conditorem
1476 1375 1612 1465 asserit,
1638 1376 1701 1470 qui
1723 1399 1807 1446 cum
1823 1375 1944 1450 omnia
1961 1376 2085 1473 possit,

505 1511 539 1566 et
559 1494 605 1566 ah
628 1520 673 1566 eo
692 1494 798 1589 longe
818 1494 972 1590 relegata
994 1493 1039 1564 sit
1057 1493 1175 1564 omnis
1192 1491 1340 1583 invidia,
1361 1494 1483 1564 omnia
1503 1508 1577 1565 tam
1598 1492 1697 1566 bona
1713 1493 1887 1585 condidit,
1912 1510 2087 1591 quantum

448 1627 454 1636 '
504 1613 725 1709 singulorum
749 1627 876 1686 natura
890 1611 1129 1711 permittebat,
1156 1610 1212 1682 vel
1234 1611 1309 1709 ipse
1326 1611 1419 1682 ordo
1433 1626 1468 1683 et
1490 1612 1712 1685 concinnitas
1733 1636 1854 1684 rerum
1871 1610 2084 1709 postulabat.

505 1735 599 1804 Dixit
622 1749 657 1804 et
679 1737 818 1828 Moyses
841 1733 1002 1804 omniaa
1026 1735 1102 1801 Deo
1125 1728 1230 1802 valde
1254 1730 1352 1802 bona
1374 1754 1450 1803 esse
1474 1731 1601 1822 sacta¹;
1636 1730 1698 1803 sed
1725 1729 1804 1828 plus
1828 1730 2086 1827 aliquantulum

504 1854 620 1925 laudis
646 1852 775 1923 divinae
801 1851 950 1922 bonitati
977 1851 1076 1921 Plato
1093 1850 1270 1947 assignare
1296 1849 1449 1941 videtur,
1475 1875 1559 1922 cum
1584 1865 1657 1923 tam
1672 1850 1770 1922 bona
1793 1850 1885 1922 lacta
1908 1850 1996 1922 dicit
2018 1852 2087 1922 sin·

506 1970 599 2066 gula,
627 1983 802 2066 quantum
827 1993 955 2040 eorum
981 1983 1109 2041 natura
1133 1968 1384 2067 permittebat,
1412 1971 1468 2042 vel
1497 1984 1742 2068 opportunum
1768 1981 1862 2059 erat;
1894 1969 1956 2040 uhi
1981 1970 2087 2042 etiam

505 2089 634 2183 adjecit
657 2089 772 2186 ipsam
802 2088 865 2159 Dei
889 2088 1110 2160 voluntatem
1135 2100 1231 2159 recte
1260 2088 1424 2159 omnium
1452 2103 1652 2160 creatarum
1679 2113 1799 2160 rerum
1823 2112 1968 2160 causam
1995 2089 2087 2160 arbi·

506 2209 603 2279 trari.
628 2211 677 2278 hc
692 2209 722 2279 si
739 2207 860 2277 omnia
878 2205 961 2278 ideo
983 2206 1073 2278 sacta
1089 2220 1197 2303 atque
1219 2210 1353 2306 optime
1377 2207 1468 2279 lacta
1488 2206 1672 2303 intelligat,
1691 2208 1774 2304 quia
1791 2209 1947 2306 optimus
1964 2208 2086 2280 artifex

505 2329 552 2399 ita
577 2325 935 2413 faciendadecrevit,
964 2325 1066 2420 cujus
1089 2326 1136 2397 ad
1162 2327 1285 2398 omnia
1309 2325 1437 2398 sufficit
1461 2324 1639 2416 voluntas,
1666 2351 1746 2423 quae
1765 2324 1966 2398 nullatenus
1990 2351 2086 2399 cassa

505 2471 581 2519 esse
605 2460 735 2545 potest.
755 2446 821 2515 Hic
843 2457 963 2515 autem
978 2469 1060 2515 cum
1087 2443 1132 2515 de
1161 2449 1238 2517 Deo
1260 2446 1414 2542 loquens
1441 2445 1491 2515 sic
1517 2444 1740 2542 praemisisset
1756 2471 1763 2513 :
1782 2475 1798 2508 «
1815 2447 1937 2541 ltaque
1960 2469 2085 2517 conse·

504 2579 656 2662 quenter
679 2576 808 2634 cuncta
832 2563 888 2632 sui
907 2560 1049 2652 similia,
1075 2577 1183 2660 prout
1203 2563 1376 2659 cujusque
1399 2577 1526 2634 natura
1550 2576 1688 2659 poterat
1703 2585 1780 2634 esse
1802 2585 1913 2659 capax
1935 2555 2085 2634 beatitu-

506 2684 611 2767 dinis,
637 2681 729 2752 elsrci
748 2680 877 2772 voluit,
890 2709 909 2746 »
934 2678 1062 2775 adjecit
1080 2681 1197 2752 statim
1214 2694 1320 2775 atque
1342 2681 1430 2751 ait¹z
1454 2684 1597 2767 «Quam
1619 2680 1768 2778 quidem
1786 2680 2004 2751 voluntatem
2020 2683 2087 2753 Dei

506 2801 679 2894 originem
694 2821 814 2868 rerum
826 2798 1056 2869 certissimam
1066 2798 1185 2894 siquis
1201 2798 1316 2895 ponit,
1335 2812 1431 2870 recte
1445 2823 1530 2874 eum
1547 2811 1675 2896 putare
1690 2800 1952 2871 consentiam.»
1969 2801 2086 2885 Quem

506 2932 540 2989 et
564 2916 690 2988 beatus
712 2929 853 2987 secutus
878 2916 1091 3011 Augustinus
1111 2916 1148 2987 in
1174 2915 1384 2987 Enchiridrb
1405 2940 1484 3014 cap.
1509 2942 1571 2987 rx:
1601 2944 1620 2983 r<
1637 2917 1727 2988 Satis
1747 2931 1811 3008 est,
1836 2918 1965 3014 inquit,
1989 2916 2084 2992 cbri-

505 3038 621 3109 stiano
647 3060 767 3107 rerum
790 3050 988 3107 creatarum
1013 3059 1156 3107 causam
1183 3035 1329 3109 nonnisi
1351 3033 1496 3107 credere
1514 3033 1711 3109 bonitatem
1727 3037 1921 3128 Creatoris,
1949 3037 2012 3132 qui
2034 3052 2086 3109 est

505 3162 601 3228 Deus
624 3180 731 3246 unus,
745 3154 952 3251 nullamque
972 3178 1048 3227 esse
1069 3167 1232 3226 naturam
1254 3179 1333 3251 quae
1354 3178 1427 3225 non
1453 3168 1515 3227 aut
1537 3155 1612 3252 ipse
1636 3156 1694 3246 sit,
1709 3170 1769 3228 aut
1786 3155 1831 3229 ab
1849 3156 1969 3253 ipso.»
1987 3159 2084 3227 Hanc

504 3279 610 3349 etiam
638 3298 781 3346 causam
806 3289 842 3345 et
870 3274 1034 3369 magister
1057 3273 1170 3371 ipsius
1193 3275 1356 3344 Socrates
1382 3273 1595 3368 assignatam
1623 3275 1825 3369 reliquerat,
1854 3288 1892 3344 ut
1922 3273 2084 3346 videlicet

418 3376 422 3383 ⁵
505 3397 667 3483 omnium
697 3393 868 3466 laetarum
895 3408 1104 3475 naturarum
1130 3415 1244 3463 causae
1279 3415 1389 3488 penes
1413 3393 1522 3489 ipsius
1550 3394 1725 3475 Creatoris
1754 3393 2082 3465 incommutabilem

504 3515 725 3587 voluntatem
761 3510 1098 3583 incommutabiliter
1127 3525 1380 3606 permaneant,
1419 3525 1455 3581 et
1483 3509 1655 3583 stabiliter
1690 3512 1828 3602 vivant,
1858 3514 1978 3582 sicut⁸
2014 3510 2085 3583 dic·

506 3652 580 3707 tum
605 3635 692 3719 est‘,
719 3659 736 3696 a
761 3629 869 3715 Quod
894 3629 1026 3701 lactum
1047 3642 1101 3699 est
1126 3629 1161 3699 in
1185 3630 1263 3724 ipso
1279 3629 1352 3699 vita
1370 3642 1458 3702 erat.
1477 3657 1496 3696 o
1516 3629 1586 3701 Ubi
1608 3630 1716 3703 etiam
1738 3629 1842 3713 etde
1862 3628 2085 3725 inquirendis

504 3752 618 3822 causis
638 3773 680 3819 ac
700 3747 904 3844 primordiis
920 3770 1040 3817 rerum
1060 3743 1158 3841 apud
1178 3744 1364 3842 physicam
1383 3746 1609 3845 disciplinam
1627 3749 1807 3821 Socratica
1828 3748 1943 3820 sanxit
1961 3763 2083 3820 aucto·

505 3868 600 3952 ritas,
623 3865 758 3936 nullam
777 3863 925 3962 adipisci
942 3888 1009 3937 nos
1027 3886 1132 3959 posse
1153 3863 1423 3957 certitudinem,
1442 3844 1616 3969 nigllluc
1635 3865 1934 3964 contemplatione
1957 3867 2083 3937 mentis

505 3988 801 4080 conscendamus,
825 3986 888 4057 ubi
912 4011 1026 4058 causae
1047 3985 1224 4076 omniurn,
1250 4001 1290 4057 ut
1307 3986 1443 4060 dictum
1465 4003 1531 4081 est,
1555 3989 1894 4062 incommutabiliter
1910 3989 1987 4061 fixe
2008 4014 2082 4062 ma·

505 4123 603 4199 nent,
635 4109 670 4177 iu
693 4109 769 4205 ipsa
794 4106 927 4177 scilicet
949 4103 1134 4176 voluntate
1160 4108 1342 4195 creatoris,
1361 4131 1435 4205 quo
1457 4130 1522 4177 nec
1547 4130 1650 4204 posse
1676 4106 1870 4180 conscendi
1897 4107 2080 4205 perhibet,

436 4260 440 4266 ·
504 4228 571 4298 nisi
588 4239 707 4298 mente
723 4250 744 4297 a
764 4224 855 4296 vitiis
870 4238 1029 4321 purgata,
1046 4223 1147 4318 juxta
1168 4222 1256 4294 illud
1273 4225 1470 4296 Veritatis⁸:
1486 4254 1504 4290 α
1520 4225 1616 4296 Beati
1632 4225 1770 4297 mundo
1787 4225 1896 4297 corde
1912 4227 2083 4323 quoniam

504 4347 569 4444 ipsi
595 4349 711 4415 Deum
734 4341 918 4415 videbunt.
935 4371 952 4406 x
979 4339 1081 4412 Unde
1105 4356 1142 4413 et
1166 4355 1313 4439 propter
1337 4344 1450 4440 ipsam
1476 4366 1621 4440 quoque
1645 4343 1800 4441 physice
1816 4344 1872 4417 vel
1897 4341 2084 4439 cujuslibet

504 4463 740 4563 philosophiae
767 4462 1054 4559 perceptionem,
1082 4485 1162 4557 quae
1187 4462 1331 4531 nonnisi
1355 4462 1391 4530 in
1416 4460 1634 4533 discussione
1657 4463 1881 4534 occultarum
1895 4485 2085 4533 causarum

502 4583 688 4670 consistit,
719 4580 875 4679 primum
900 4577 1091 4676 purgandae
1116 4577 1230 4677 bonis.
1240 4577 1401 4649 moribus
1426 4579 1505 4650 vitae
1529 4580 1700 4652 cerisebat
1729 4581 1948 4672 instandum,
1986 4604 2029 4653 ac
2054 4581 2084 4650 si

503 4702 618 4774 ethica
639 4700 799 4771 inomni
822 4698 1049 4796 philosophia
1072 4698 1229 4795 primum
1247 4696 1443 4795 praefigeret
1457 4697 1620 4792 gradum,
1645 4714 1686 4770 ut
1705 4724 1797 4796 quos
1813 4725 1936 4773 amore
1953 4700 2020 4772 Dei
2037 4697 2083 4769 ad

488 5064 491 5069 ,
540 5008 648 5072 'Gcoes.,
664 5022 719 5073 cap.
738 5022 798 5061 1.-
817 5010 868 5059 'lo
887 5008 987 5058 Timeo.
1004 5029 1032 5043 -
1045 5003 1174 5056 ¹lnedltls
1190 5007 1255 5056 sieut
1266 5005 1333 5068 quod
1344 5006 1447 5058 dictum.
1460 5009 1509 5044 -⁴
1522 5005 1604 5069 loen„
1625 5021 1679 5070 cap.
1699 5022 1718 5068 r,
1736 5023 1758 5058 r.
1779 5012 1803 5060 3.
1815 5036 1846 5048 -
1857 5009 1969 5069 matth„
1986 5023 2040 5071 erp.
2058 5023 2082 5069 r,

503 5103 526 5137 t.
541 5094 564 5140 8.
