4559 6100
507 101 694 167 srrbsuntia.
708 99 806 184 Quod
820 101 921 165 homo
937 101 1005 165 sine
1021 122 1105 165 nava
1121 100 1225 191 grana
1240 101 1339 190 possit
1357 99 1496 191 operari.
1509 96 1609 181 Quod
1623 100 1710 165 Deus
1726 120 1794 164 non
1809 98 1910 188 possit
1924 97 1996 189 plus
2009 99 2120 166 faeere

507 243 605 309 quarn
628 220 715 303 facit,
745 243 805 285 nec
826 219 941 285 melius
962 219 1066 285 facere
1089 244 1188 309 quam
1211 220 1303 301 facit,
1327 243 1388 286 nec
1414 219 1506 285 aliter
1529 218 1634 284 facere
1659 228 1758 308 quam
1780 217 1868 283 facit.
1884 218 1983 300 Quod
2005 221 2120 285 anima

507 340 623 404 Christi
639 364 706 404 non
723 337 888 405 descendit
903 338 945 405 ad
960 339 1091 405 inferos.
1110 341 1190 405 Haec
1212 357 1245 405 et
1261 340 1323 406 alia
1345 337 1506 405 indiculus
1521 354 1594 403 tuus
1609 338 1772 419 continet,
1789 361 1928 428 quonam
1943 339 2117 428 quedam,
2143 415 2146 418 y

506 459 621 541 fateor,
649 461 761 526 Petrus
788 476 821 525 et
843 460 924 524 dixit
945 476 978 526 et
1005 460 1140 550 scripsit,
1176 461 1326 550 quaedam
1352 484 1430 526 vero
1457 482 1562 548 neque
1587 459 1722 549 protulit
1746 481 1851 547 neque
1878 461 2012 550 scripsit
2031 461 2118 543 Quae

507 595 615 645 autern
639 578 771 659 dixerit,
795 595 828 644 et
844 603 915 668 quae
935 604 1002 644 non
1025 579 1160 664 dixerit,
1187 597 1220 647 et
1241 606 1338 670 quam
1360 580 1517 647 catholica
1541 595 1650 644 mente
1673 602 1712 645 ea
1734 602 1807 669 quae
1824 578 1942 645 dixerit
1965 581 2115 661 senserit,

506 699 665 763 secundus
681 700 798 789 arrepti
814 700 919 788 operis
939 715 1090 766 tractatus
1106 701 1278 767 christiana
1301 701 1519 792 disputatione
1535 700 1686 765 ardenter
1704 715 1738 766 et
1761 700 1898 790 impigre
1922 698 2113 766 declarabit.

508 817 594 882 Nam
615 817 690 882 talia
712 834 787 882 sunt
806 842 878 907 quae
899 817 978 884 dilui
998 818 1120 885 debent
1148 836 1245 909 atque
1265 818 1382 902 refelli,
1416 834 1453 884 ut
1474 842 1542 884 non
1563 820 1725 884 immerito
1746 820 1880 910 proprio
1910 836 2117 885 reserventur

508 936 676 1003 volumini.
685 938 779 1003 Nunc
794 936 874 1002 illud
884 954 932 1003 est
947 939 1061 1003 acriter
1075 938 1346 1029 persequendum,
1356 961 1413 1003 eur
1429 939 1479 1001 vir
1490 954 1628 1018 sanctus,
1640 955 1675 1005 et
1688 939 1722 1003 in
1739 962 1796 1004 ore
1812 938 1906 1003 famae
1920 940 2116 1005 nominatisn

508 1057 621 1136 simus,
638 1058 693 1145 qui
709 1056 857 1145 quaedam
873 1059 1009 1146 perenni
1024 1056 1207 1148 sepelienda
1224 1057 1350 1123 silentio
1367 1058 1489 1148 seriptis
1505 1056 1641 1148 propriis
1656 1056 1807 1140 tradidit,
1825 1058 1923 1123 Petro
1938 1057 2115 1124 Abaelardo

507 1177 664 1242 haereseos
678 1178 800 1243 crimen
820 1179 998 1269 impegerit.
1017 1180 1098 1243 llata
1117 1203 1257 1268 namque
1279 1194 1327 1244 est
1346 1178 1451 1261 fama,
1476 1193 1510 1242 et
1525 1177 1566 1241 ab
1584 1178 1716 1265 antiquo
1737 1178 1825 1266 quasi
1849 1193 1974 1243 naturae
1988 1178 2116 1268 legibus

507 1299 725 1388 promulgata,
745 1299 906 1363 neminem
924 1299 965 1364 de
981 1299 1076 1364 simili
1091 1300 1224 1365 crimine
1240 1300 1424 1390 quempiam
1441 1320 1534 1388 poste
1549 1299 1751 1364 convincere.
1770 1296 1871 1382 Quod
1895 1296 1973 1363 dum
1989 1296 2111 1377 fecisti,

465 1400 468 1409 ‚
507 1432 541 1482 et
553 1418 775 1507 imprudenter
786 1435 819 1483 et
833 1418 1039 1508 impudenter
1053 1420 1159 1510 egisti.

554 1536 666 1602 Petrus
691 1553 867 1620 erraverat,
892 1554 974 1603 esto.
992 1539 1043 1628 Tu
1064 1561 1162 1628 quare
1182 1537 1315 1603 errasti?
1332 1539 1398 1602 Aut
1415 1539 1534 1620 sciens,
1555 1552 1611 1601 aut
1635 1534 1778 1600 nesciens
1798 1537 1923 1603 errasti.
1952 1536 1985 1602 Si
2007 1524 2114 1602 sciens

507 1658 629 1739 errasti,
647 1658 746 1721 hostis
765 1656 914 1722 Ecclesiae
935 1658 1168 1747 comprobaris.
1187 1658 1220 1722 Si
1237 1658 1380 1723 nesciens
1397 1657 1527 1739 errasti,
1545 1654 1712 1745 quomodo
1729 1678 1764 1721 es
1780 1655 1933 1721 defensor
1947 1656 2112 1739 Ecclesiae,

507 1775 561 1864 qui
579 1800 721 1842 errorem
737 1778 837 1843 nescis
863 1777 1062 1844 discernere?
1079 1779 1198 1843 Errasti
1219 1801 1293 1844 vere
1317 1776 1396 1843 dum
1413 1777 1570 1867 originem
1587 1776 1767 1840 animarum
1788 1774 1830 1841 de
1845 1774 1927 1840 ooelo
1953 1775 2114 1840 asseruisti

506 1918 585 1962 esse.
604 1897 701 1980 Quod
725 1897 862 1985 qualiter
880 1898 914 1962 in
934 1897 1018 1964 libro
1035 1916 1175 1979 astruas,
1194 1899 1347 1988 quoniam
1366 1897 1444 1962 utile
1466 1913 1498 1962 et
1516 1896 1608 1962 facile
1630 1911 1677 1960 est
1695 1896 1848 1986 cognitu,
1871 1896 1978 1986 sagaci
1998 1893 2113 1960 lectori

506 2015 548 2079 ab
575 2017 680 2081 altiori
704 2016 834 2082 cardine
855 2020 1090 2084 retexam.'Est
1110 2018 1192 2084 liber
1224 2044 1320 2109 quem
1345 2018 1501 2083 Hebraeus
1527 2047 1541 2073 α
1561 2016 1721 2081 Firasirim
1744 2046 1783 2098 s,
1808 2015 1940 2082 Latintn
1964 2016 2113 2080 nominat

505 2136 673 2200 Canticum
696 2137 912 2225 Canticorum,
934 2141 1023 2224 cujus
1049 2139 1154 2204 littera
1188 2139 1393 2231 vigilantibus
1418 2139 1532 2203 animis
1561 2136 1676 2201 divinae
1702 2134 1869 2223 cujusdam
1894 2135 2113 2225 intelligentiae

506 2254 601 2319 sudat
623 2278 788 2320 arcanum.
806 2254 859 2319 Ad
874 2256 961 2320 hunc
977 2255 1095 2321 librum
1112 2257 1292 2323 Bernardus
1308 2282 1443 2324 manum
1463 2257 1668 2347 expositionis
1684 2255 1843 2346 applicqt3
1868 2271 1907 2320 ut
1924 2255 1965 2319 ab
1981 2255 2114 2320 hirsutis

459 2408 470 2418 ·
504 2372 619 2438 litterae
639 2373 799 2463 opusculis
819 2378 938 2466 egregii
954 2400 1062 2441 sensus
1078 2376 1203 2468 frugem
1219 2377 1342 2461 eliciat,
1362 2380 1462 2443 utitur
1477 2401 1554 2443 sane
1569 2376 1724 2442 mediocri
1742 2373 1778 2441 'et
1791 2391 1969 2466 temperato
1989 2397 2114 2464 genere

505 2491 648 2559 dicendi.
678 2494 742 2560 Sed
768 2494 847 2561 libet
874 2496 1039 2587 paululum
1067 2500 1280 2587 percunctari,
1306 2523 1364 2564 cur
1388 2498 1569 2564 Bernardus
1596 2513 1669 2588 post
1696 2513 1746 2561 tot
1769 2496 1941 2561 illustrium
1964 2496 2113 2559 virortmr

505 2614 648 2699 sudores,
668 2616 723 2705 qui
743 2616 778 2681 in
795 2616 928 2707 praelato
945 2641 1043 2708 opere
1060 2643 1117 2683 sua
1131 2620 1260 2710 ingenia
1273 2621 1490 2701 contulerunt,
1504 2635 1576 2684 ‘tam
1591 2619 1755 2683 immensae
1771 2617 1945 2703 majestatis
1958 2614 2112 2680 volumen

504 2736 639 2801 tentavit
659 2737 692 2800 in
714 2735 818 2802 lucem
839 2736 1005 2826 prolerre?
1027 2739 1111 2804 Nam
1132 2742 1159 2805 si
1184 2744 1321 2828 majores
1344 2742 1446 2807 nostri
1465 2739 1605 2830 plenarie
1629 2738 1888 2827 sufficienterque
1908 2736 1984 2801 libri
2012 2736 2112 2820 -hujus

504 2855 643 2921 latebras
659 2856 881 2946 produxerunt
897 2858 931 2921 in
947 2858 1059 2940 solem,
1078 2861 1179 2941 miror
1195 2886 1258 2950 qua
1275 2862 1381 2928 fronte
1400 2886 1494 2927 ausus
1509 2862 1581 2926 tuos
1598 2859 1778 2925 extenderis
1794 2859 1827 2922 in
1848 2880 1929 2947 opus
1945 2854 2112 2921 elimatum

505 2974 548 3039 ad
565 2999 718 3067 unguem.
738 2976 836 3060 Quod
851 2979 876 3041 si
894 2978 999 3068 aliqua
1015 2996 1089 3044 sunt
1106 2980 1166 3044 tibi
1182 2980 1321 3047 revelata
1341 2997 1541 3047 sacramenta
1570 3002 1642 3070 quae
1658 3001 1772 3044 eorum
1793 2977 1943 3042 notitiam
1958 2975 2110 3066 firgennt,

503 3118 571 3160 non
587 3097 731 3179 invideo,
765 3099 830 3163 imo
851 3097 957 3163 labori
972 3101 1178 3166 vehementer
1194 3103 1368 3192 applaudo.
1392 3101 1456 3167 Sed
1475 3125 1550 3167 cum
1566 3124 1679 3166 eorum
1695 3099 1923 3189 expositiones,
1942 3119 2111 3162 commen·

504 3229 636 3303 tumque
659 3231 750 3282 tuum
769 3217 917 3282 studiosis
941 3220 1071 3285 revolvo
1092 3222 1259 3303 manibus,
1286 3222 1367 3287 nibil
1392 3239 1424 3287 te
1448 3223 1524 3287 novi
1541 3219 1656 3284 dixisse
1677 3219 1856 3308 comperio,
1891 3219 1959 3282 imo
1982 3237 2111 3281 sensum

506 3332 645 3400 alienum
661 3338 765 3401 verbis
778 3339 840 3402 tuis
856 3340 1004 3403 vestitum
1017 3338 1237 3430 deprehendo.
1247 3341 1449 3432 Supervacua
1461 3341 1557 3432 igitur
1568 3339 1750 3430 explanatio
1763 3355 1818 3402 tua
1836 3335 2050 3403 essevidetur.
2061 3336 2111 3399 Ac

507 3454 628 3541 nequis
641 3478 692 3521 me
703 3472 794 3545 putet
803 3458 1027 3549 improbabilia
1037 3459 1280 3550 proloquutum,
1293 3461 1458 3551 proferam
1472 3482 1566 3549 super
1578 3460 1665 3523 hunc
1680 3457 1799 3522 librum
1808 3455 2003 3547 quadrigam
2013 3476 2111 3543 expo-

505 3582 638 3648 sitorum
664 3607 673 3649 ι
696 3585 869 3675 Origenem
891 3587 1010 3652 scilieet
1030 3612 1183 3679 graecum,
1206 3589 1413 3654 Ambrosium
1435 3586 1721 3666 mediolanensem,
1744 3585 1930 3650 Rheticium
1955 3597 2110 3672 augusto·

505 3700 699 3788 dunensem,
717 3704 838 3770 Bedam
851 3705 1066 3805 angligenam.
1084 3709 1233 3791 Quorum
1247 3710 1368 3797 primus
1387 3731 1461 3772 cum
1476 3709 1510 3772 in
1526 3707 1639 3773 ceteris
1648 3706 1749 3788 libris,
1763 3721 1800 3769 ut
1818 3705 1863 3769 ait
1880 3705 2108 3791 Hieronymus,

502 3821 628 3906 vicerit,
646 3826 680 3889 in
695 3827 834 3891 Canticis
857 3828 1063 3894 Canticorum
1084 3853 1117 3895 se
1142 3829 1248 3919 ipsum
1269 3829 1356 3894 vicit.
1384 3827 1549 3893 Secundus
1564 3850 1641 3892 vero
1657 3824 1819 3917 probabili
1845 3839 1879 3890 et
1898 3822 2027 3889 erudito
2048 3844 2112 3886 ser-

504 3963 601 4005 mone
628 3945 741 4032 Sponsi
763 3945 958 4038 Sponsaeque
981 3947 1119 4014 firmavit
1138 3972 1275 4015 amores.
1293 3949 1418 4015 Tertius
1438 3947 1680 4039 perplexitatem
1699 3944 1871 4011 voluminis
1896 3942 2026 4008 sublimi
2054 3962 2112 4006 ore

505 4060 663 4129 disseruit.
680 4063 820 4145 Quartus
843 4083 949 4129 autem
972 4069 1115 4152 ejusdem
1139 4069 1213 4134 libri
1237 4093 1338 4161 opaca
1370 4087 1493 4161 septem
1515 4067 1605 4133 libris
1628 4066 1777 4132 absolvit.
1804 4064 1882 4129 Post
1903 4061 2111 4150 tales‘itaque

504 4200 625 4248 ettam
647 4182 820 4249 industrios
842 4186 939 4269 viros,
966 4186 1147 4253 Bernardus
1167 4208 1254 4269 arat,
1276 4185 1367 4277 quasi
1391 4187 1511 4276 aliquid
1528 4189 1720 4251 intentatum
1741 4184 1847 4250 nostri
1869 4186 2010 4270 majores
2033 4178 2111 4245 reli·

502 4306 640 4394 querint.
652 4304 904 4370 Possemussane
917 4306 1193 4372 lucubrationibus
1203 4287 1312 4374 diserti
1328 4309 1475 4382 hominis
1486 4308 1701 4397 acquiescere,
1719 4306 1780 4371 nisi
1795 4306 1902 4396 potius
1918 4300 2111 4394 tragoediam

501 4424 662 4490 videretur
685 4447 781 4515 quam
805 4426 1051 4491 commentarios
1074 4443 1196 4493 texere.
1220 4427 1383 4494 Patefacta
1403 4451 1543 4518 namque
1558 4427 1699 4517 quadam
1716 4443 1806 4519 parte
1828 4424 1948 4516 operis,
1976 4435 2112 4511 repente

503 4563 643 4614 mortem
666 4547 715 4612 sui
735 4546 840 4612 fratris
854 4545 994 4632 inducit,
1011 4549 1045 4614 in
1061 4552 1150 4638 cujus
1166 4549 1285 4617 funeris
1299 4551 1523 4643 prosecutione
1539 4550 1620 4618 duos
1635 4574 1718 4643 pene
1737 4564 1914 4640 quaternos
1930 4541 2109 4612 consumit.
