4559 6100
724 515 982 590 rflnomntt
1006 514 1281 590 uflntsrttttt.
1728 514 1800 587 ttt

207 665 471 759 definitionem,
487 677 692 744 odorentur
711 662 862 761 quilibet
885 662 1087 738 ohrittienn
1113 659 1295 758 religionis
1319 660 1467 764 proprie
1480 660 1642 740 ciuitates
1657 660 1802 743 duod

206 802 303 881 suut,
322 802 359 860 et
379 786 549 864 connives
566 785 712 885 proprie
731 784 870 878 fratrea,
888 784 1018 881 inquo
1040 799 1105 882 per
1120 781 1271 876 gratiam
1286 781 1413 856 renati.
1432 779 1536 858 Uude
1551 794 1587 856 et
1605 782 1802 868 veritusne

206 911 374 986 societate
390 909 556 984 Eoolosiae
572 909 676 982 dloit⁸
695 936 704 980 r
724 939 742 976 r
757 913 837 982 Non
854 921 972 1008 potest
993 905 1168 982 ahsoondi
1184 905 1308 980 oivitss
1326 927 1436 1003 supra
1450 917 1613 980 montom
1631 906 1761 1004 positu
1781 937 1799 976 s

207 1032 273 1103 Cui
295 1044 331 1104 et
353 1029 443 1103 illud
464 1031 500 1102 in
520 1027 711 1102 [ezechiele
732 1030 892 1102 conoinit
909 1028 955 1104 de
976 1025 1130 1101 aedifinio
1148 1026 1301 1102 civitatis
1319 1049 1428 1125 super
1450 1038 1613 1102 montem
1632 1040 1799 1116 ostenso,

207 1161 314 1246 atoue
331 1148 420 1222 illud
438 1149 677 1222 Psalmistn⁸s
700 1178 717 1215 «
733 1149 955 1223 Hierusalem
987 1171 1067 1246 quae
1098 1143 1295 1220 aedtfiotur
1329 1158 1370 1218 ut
1397 1146 1569 1222 civitas.»
1598 1144 1653 1220 td
1688 1145 1801 1237 hanc,

206 1268 330 1362 oredo,
359 1267 567 1367 reipublice
589 1269 887 1343 communitatem
910 1291 994 1341 oum
1021 1290 1089 1340 nos
1111 1264 1391 1340 adhortarentur
1416 1263 1635 1365 philosophi,
1666 1266 1805 1363 egregie

207 1409 272 1486 per
299 1388 499 1462 naturalem
519 1388 693 1486 justitiam
713 1386 1060 1462 commendaverunt
1089 1385 1293 1484 pontivum,
1317 1384 1389 1458 hoo
1408 1399 1463 1460 est
1486 1383 1580 1460 hanc
1600 1408 1713 1483 quam
1735 1386 1805 1484 ipsi

207 1533 342 1606 ponere
366 1491 403 1581 et
420 1524 578 1582 statuere
597 1508 636 1582 in
656 1507 895 1582 conventibus
917 1508 1104 1582 werimum
1123 1519 1323 1605 ooeperunt,
1346 1520 1382 1580 et
1400 1530 1560 1601 congrue
1580 1504 1628 1580 td
1650 1529 1806 1580 euneos»

208 1628 306 1702 diam
327 1644 364 1702 et
386 1630 687 1702 communitatem
710 1628 902 1703 hominum
921 1627 959 1701 in
984 1627 1100 1720 terris,
1127 1625 1364 1700 ooucordiam
1388 1625 1618 1724 superiorum
1637 1639 1673 1698 et
1695 1615 1823 1700 orslev¹
1874 1675 1877 1686 ·

208 1748 468 1839 enumerem,
487 1773 566 1846 quae
585 1750 827 1824 communiter
844 1749 975 1821 nostris
996 1745 1118 1822 usibus
1135 1745 1314 1845 deputato
1333 1758 1437 1838 sunt,
1456 1742 1750 1838 introduxerunt,⁸
1765 1761 1805 1818 ut

207 1891 293 1940 oum
316 1893 442 1942 omnes
464 1866 683 1942 henefidum
704 1868 788 1941 solis
812 1883 848 1941 et
864 1882 1066 1946 ceterorum
1089 1865 1332 1940 oommtmiter
1356 1864 1587 1964 accipiamus,
1608 1863 1804 1940 admonea-

207 2010 289 2058 mur
317 2011 360 2062 ex
386 1987 443 2060 his
466 2002 503 2061 et
526 2012 594 2060 nos
617 1988 686 2084 ipsi
712 1987 818 2060 nobis
841 1987 997 2062 invioem
1017 1979 1265 2060 communiter
1286 1983 1498 2072 subvenire3
1523 1997 1560 2058 et
1582 2007 1667 2058 oum
1689 1983 1805 2081 major

208 2105 368 2180 mundus
386 2105 509 2180 divine
526 2106 764 2205 disparitione
781 2106 929 2204 singulis
950 2107 1024 2180 anis
1041 2104 1206 2206 pertibus
1226 2104 1334 2179 nohis
1348 2104 1550 2193 subveniat,
1567 2105 1630 2202 qui
1646 2127 1714 2178 neo
1736 2103 1805 2178 sibi

136 2217 141 2224 ’
206 2226 287 2323 ipsi,
304 2224 368 2298 sed
380 2225 488 2301 nohis
499 2225 613 2300 lentus
626 2241 696 2318 θοις
716 2252 760 2299 es
776 2225 848 2298 hoo
864 2227 1042 2325 praecipue
1056 2227 1177 2300 minor
1188 2225 1360 2317 mundus,
1379 2223 1417 2296 id
1432 2238 1485 2300 est
1496 2223 1626 2320 singuli
1637 2222 1805 2300 homines

206 2344 484 2435 admoneantur,
513 2345 648 2420 mutuis
668 2344 739 2418 sihi
761 2344 946 2420 beneficiis
969 2345 1180 2435 subvenire,
1204 2360 1240 2417 et
1262 2343 1309 2417 ad
1327 2366 1562 2422 communem
1580 2343 1703 2418 omnis
1724 2367 1806 2439 qttoe

207 2461 383 2537 habemus
409 2464 595 2539 utilitatem
621 2464 834 2565 disponere3
861 2465 1040 2565 praeeipue
1064 2490 1149 2539 eum
1173 2465 1211 2538 id
1234 2466 1353 2564 iprum
1374 2469 1471 2538 Deus
1494 2463 1661 2540 omnium
1684 2487 1806 2540 remu,

207 2598 353 2658 nerator
369 2608 408 2658 re
422 2584 646 2683 apertissime
660 2585 754 2662 velle
766 2586 937 2674 insinuet,
956 2584 1112 2660 coelestia
1122 2609 1271 2684 quoque
1285 2599 1322 2660 et
1338 2585 1504 2662 universa
1517 2585 1647 2681 quein
1663 2583 1804 2662 mundo

206 2717 304 2794 suut,
323 2716 360 2775 et
373 2700 593 2778 insensibilia
607 2705 774 2780 omnium
789 2719 956 2780 nostrum
968 2703 1105 2798 usibus,
1120 2703 1169 2778 ad
1185 2728 1277 2801 quos
1293 2718 1330 2776 et
1344 2703 1436 2778 saeta
1448 2718 1544 2794 sunt,
1564 2701 1802 2797 subjiciendo,

206 2823 297 2902 simu
316 2847 383 2921 per
408 2822 631 2900 Psalmistam
654 2822 700 2900 de
719 2823 869 2900 homine
890 2823 938 2900 ad
957 2828 1074 2900 neum
1096 2823 1230 2900 dieitur
1251 2825 1325 2900 suis
1349 2821 1509 2900 verbis⁸2
1533 2826 1695 2898 «Omnia
1718 2821 1804 2898 sub·

204 2942 319 3039 jecisti
335 2943 404 3016 sub
418 2942 573 3046 pedibus
590 2944 679 3041 ejus,
699 2957 768 3026 etc.
786 2973 805 3018 u

81 3150 85 3157 .
256 3065 440 3151 Qruntum
459 3064 568 3141 etiam
588 3064 676 3141 ittud
699 3063 1004 3162 magnificandum
1021 3078 1076 3140 est
1097 3089 1142 3139 ao
1159 3063 1442 3164 predicandum,
1468 3064 1569 3163 quod
1591 3090 1676 3143 oum
1698 3068 1806 3139 recti-

207 3180 370 3257 tudinem
389 3182 501 3257 eir'dis
516 3182 716 3259 honestatis
732 3183 832 3259 Plato
855 3185 1067 3274 institueret,
1095 3208 1115 3256 a
1134 3183 1254 3261 serbis
1270 3208 1417 3282 quoque
1434 3184 1669 3263 inhonestatis
1690 3198 1727 3257 et
1748 3186 1806 3259 ln·

205 3299 367 3377 honestis
383 3316 420 3375 ot
436 3301 619 3396 sebutnts,
641 3302 735 3379 sieut
755 3317 793 3377 et
814 3327 837 3377 a
860 3302 1026 3401 turpibus
1041 3302 1142 3379 secus
1164 3302 1392 3400 provideret,
1417 3316 1458 3377 ut
1480 3303 1518 3376 in
1535 3303 1635 3378 nullo
1655 3304 1806 3379 civitatis

205 3419 474 3495 ordinationem
498 3419 700 3497 labefactari
722 3422 958 3520 permitteret.
990 3421 1094 3495 Unde
1119 3436 1162 3495 et*
1179 3447 1265 3497 cous
1289 3422 1442 3503 civitatis
1470 3435 1566 3494 recte
1593 3420 1804 3499 ordinandae

205 3539 363 3613 traderet
386 3542 667 3632 institutionem,
697 3557 866 3642 poetase
894 3540 1096 3623 civitatibus
1121 3542 1318 3639 ejiciendos
1343 3566 1423 3621 esse
1448 3540 1626 3631 decrevit,
1651 3543 1743 3647 sicut
1766 3544 1803 3617 in

203 3659 369 3733 menndo
392 3659 436 3731 de
460 3662 610 3737 Ciuitate
631 3663 702 3733 Dei
720 3666 760 3741 Β.
783 3662 999 3757 Augustinus
1023 3660 1080 3735 his
1103 3660 1224 3741 verbis
1249 3662 1557 3737 commemorer:
1584 3688 1603 3729 e
1620 3667 1673 3735 tln
1697 3662 1802 3752 sorte,

206 3780 347 3877 inquit,
378 3777 515 3859 Platoni
537 3781 658 3880 potius
677 3780 797 3879 puna
818 3779 1026 3870 dandam,
1053 3781 1117 3878 qui
1138 3802 1223 3855 cum
1245 3782 1383 3861 otiose
1406 3780 1576 3861 termam
1593 3782 1709 3879 undis
1728 3806 1806 3863 esse

205 3898 333 3973 civitas
357 3898 500 3994 debeat,
520 3913 707 3998 tamquam
725 3898 948 3975 adversarios
964 3899 1131 3975 eivitatls⁸
1148 3915 1274 4000 poetas
1297 3901 1436 3981 ornauit
1456 3899 1546 3975 urbe
1568 3898 1767 3998 poliendos.
1785 3934 1803 3968 s

207 4021 298 4091 ltem
319 4033 402 4118 post
426 4020 569 4118 aliqua:
589 4019 734 4108 «Quod
751 4020 797 4091 εἰ·
822 4019 924 4095 Plato
940 4033 1066 4119 poetas
1089 4020 1203 4120 ipsos,
1231 4020 1287 4097 vel
1312 4045 1379 4119 pro
1405 4018 1553 4095 arbitrio
1580 4022 1803 4115 mentientes,

209 4137 264 4210 vel
293 4137 504 4225 homiuibus
537 4141 674 4229 miseris
688 4141 806 4251 ¹nurui
831 4138 987 4219 deorum
1024 4139 1117 4217 saeta
1143 4142 1297 4241 pessima
1328 4139 1501 4225 imitando
1534 4156 1803 4240 proponentes,

207 4257 363 4335 omnino
380 4260 418 4336 iu
434 4260 577 4345 civitate
589 4260 683 4345 hene
705 4261 865 4347 instituta
881 4261 1001 4333 rivere
1019 4258 1183 4343 uoluit.»
1202 4265 1252 4337 io
1265 4262 1295 4337 si
1311 4274 1434 4359 ¹oporte
1450 4259 1551 4345 fertis
1565 4274 1602 4335 et
1619 4261 1704 4360 ipsis
1718 4262 1804 4337 illud

201 4376 281 4472 jam
297 4378 542 4477 praediparetlz
563 4382 715 4457 somnis
731 4382 794 4479 qui
808 4381 981 4457 mentitur
992 4380 1125 4461 oceidit
1144 4381 1347 4469 animatu.»
1367 4395 1475 4479 atque
1492 4379 1582 4465 illud
1599 4382 1803 4480 tposntr:

210 4498 449 4573 «Fornicatio
467 4513 503 4573 et
522 4501 642 4579 ntnuis
660 4500 888 4583 immunditia
904 4524 973 4581 neo
993 4500 1201 4583 nominetur
1220 4502 1258 4576 in
1274 4499 1397 4586 vobis,
1415 4501 1507 4585 sieut
1530 4499 1634 4577 decet
1647 4516 1804 4587 saeuos,

206 4631 274 4691 aut
290 4618 477 4718 turpitudo
490 4635 556 4697 sut
573 4619 850 4718 stultiloquium,
866 4634 929 4697 aut
946 4618 1139 4703 scurrilitas
1154 4644 1234 4717 qoae
1248 4619 1296 4701 ad
1310 4644 1388 4703 rom
1406 4621 1692 4719 repperirent,
1711 4634 1805 4697 eto.»

249 4951 362 5014 dietih..
383 4965 439 5016 erp.
453 4964 480 5014 r,
498 4964 523 5002 v.
547 4954 584 5005 tt.
595 4977 627 4990 -
641 4951 756 5003 ’Proto
778 4964 849 5015 oxu,
867 4966 891 5003 r.
914 4956 939 5006 t.
950 4980 982 4993 -
1033 4952 1162 5006 veritatis.
1178 4982 1207 4992 -
1217 4954 1307 5016 ‘Quod
1317 4955 1342 5007 ri
1352 4957 1483 5008 delendum
1498 4970 1552 5009 erse
1566 4958 1670 5009 rtdstur.
1682 4954 1807 5021 -⁷8sp.‚

206 5034 218 5065 ³
231 5031 420 5095 rotonum.
431 5031 574 5094 s-uuss.
584 5033 614 5082 de
622 5031 767 5096 ciettdtei,
776 5033 819 5083 tte.
830 5030 984 5095 lterum.
1037 5048 1093 5100 esp.
1103 5048 1121 5102 ι,
1133 5050 1158 5088 r.
1168 5039 1230 5088 2.-
1240 5036 1362 5101 ΨΜ.
1372 5050 1426 5101 esp.
1438 5051 1462 5100 r,
1474 5051 1499 5089 r.
1512 5041 1537 5090 t.

209 5139 244 5150 -
257 5116 266 5146 ⁸
280 5113 306 5164 tn
324 5128 383 5165 mss.
402 5113 430 5167 S.
449 5113 577 5175 sursunt
591 5114 674 5176 operte
685 5114 748 5164 solet
762 5115 810 5176 lert
821 5112 987 5164 Adummim

332 5232 356 5270 11
613 5253 615 5257 .
1649 5233 1687 5291 53
