4559 6100
439 541 513 614 542
1045 543 1174 616 l‘E'l'lll
1199 545 1436 619 annuatim

341 764 344 769 ,
433 704 505 782 est,
523 689 616 763 sicut
632 689 798 762 hocloco
815 693 1073 792 principaliter,
1097 709 1132 765 et
1148 694 1299 768 fortasse
1317 696 1450 769 eodem
1469 696 1582 769 modo
1603 696 1675 769 dici
1690 695 1804 769 videri
1822 709 1955 795 posset,
1975 697 2044 769 nisi

439 808 541 909 quod
563 808 614 880 ibi
640 810 862 883 interseritur
883 811 985 911 quod
1002 827 1037 886 et
1053 812 1161 887 Filius
1179 838 1222 887 ex
1240 820 1342 890 Patre
1358 832 1464 889 natus
1480 817 1525 888 sit
1542 817 1707 916 proprie,
1728 816 1819 888 sicut
1835 830 1871 888 et
1888 816 2041 915 Spiritus

440 958 463 1006 a
482 937 585 1005 Patre
607 935 753 1032 proprie
769 933 900 1008 dicitur
916 936 1037 1009 esse¹i
1055 938 1200 1009 Dictum
1221 940 1356 1039 quippe
1374 939 1508 1011 ibidem
1525 953 1577 1012 est
1594 966 1603 1010 t
1622 938 1730 1011 Filius
1747 962 1823 1011 non
1848 964 1891 1011 ex
1909 954 2044 1011 semet-

441 1057 521 1153 ipso
546 1067 651 1126 uatus
675 1068 747 1142 est,
767 1055 831 1127 sed
855 1081 898 1129 ex
917 1061 1018 1131 Patre
1035 1071 1141 1130 natus
1165 1072 1219 1131 est
1238 1061 1404 1159 proprie,
1433 1084 1507 1132 non
1526 1060 1563 1131 in
1587 1072 1771 1157 ternpore,
1790 1058 1853 1131 sed
1875 1080 2041 1158 semper:

442 1200 518 1247 non
537 1172 703 1264 aliunde,
724 1174 789 1246 sed
805 1175 851 1248 de
869 1200 932 1247 sua
954 1175 1173 1268 substantia3
1193 1196 1268 1250 non
1285 1179 1331 1250 de
1347 1180 1477 1270 aliena,
1494 1178 1558 1250 sed
1576 1178 1702 1251 desua
1719 1179 1879 1278 propria.
1901 1182 1943 1249 ltt
1956 1202 2045 1249 vero

443 1296 475 1367 si
491 1292 621 1368 eodem
639 1291 750 1365 modo
768 1308 803 1366 et
821 1296 858 1366 in
873 1294 961 1366 Filio
976 1296 1062 1369 etin
1080 1296 1215 1396 Spiritu
1227 1313 1353 1371 sancto
1366 1300 1541 1397 accipitur
1556 1298 1715 1398 proprie,
1730 1322 1819 1370 ‘ctam
1835 1297 1894 1370 hic
1909 1297 2043 1370 scilicet

443 1415 590 1515 proprie
606 1414 703 1484 nasci
731 1434 775 1484 ex
801 1417 923 1503 Patre,
946 1430 984 1486 et
1004 1415 1063 1487 ille
1089 1418 1236 1515 proprie
1258 1418 1453 1516 procedere
1477 1418 1617 1490 dicatur
1640 1443 1683 1489 ex
1705 1422 1830 1507 Patre;
1853 1431 1890 1490 et
1904 1417 1974 1489 tale
1999 1416 2045 1489 sit

444 1536 564 1607 dicere
580 1534 744 1631 proprie,
762 1536 851 1605 acsi
869 1533 1047 1608 diceretur
1064 1537 1329 1636 principaliter3
1349 1563 1424 1636 quo
1448 1537 1560 1610 modo
1578 1538 1704 1609 Filium
1731 1562 1773 1609 er
1791 1543 1896 1610 Patre
1911 1538 2044 1637 princi·

437 1655 574 1754 palitcr
591 1652 692 1725 nasci
714 1653 893 1743 dicemus,
921 1679 1005 1726 cum
1026 1680 1070 1728 ex
1087 1680 1131 1729 eo
1147 1656 1227 1730 solo
1243 1672 1350 1731 natus
1374 1659 1443 1729 sit?
1467 1657 1540 1729 Nisi
1558 1656 1650 1728 sorte
1665 1680 1751 1728 curn
1772 1655 1908 1729 ibidem
1926 1657 2045 1729 statim

446 1775 611 1849 additum
632 1773 691 1862 sit,
718 1796 795 1846 non
819 1775 1080 1873 temporaliter,
1102 1776 1166 1850 sed
1181 1802 1345 1877 semper,
1379 1791 1543 1876 respectu
1574 1776 1781 1876 temporalis
1808 1777 2045 1873 generationis

446 1893 608 1992 ejusdem
624 1891 713 1983 Filii,
735 1891 773 1963 id
790 1891 927 1965 dictum
950 1895 1008 1986 sit,
1036 1911 1075 1968 ut
1097 1896 1264 1969 videlicet
1289 1897 1366 1969 haec
1391 1895 1597 1995 principalis
1620 1910 1657 1968 et
1683 1896 1798 1995 prima
1823 1896 1871 1967 sit
1895 1918 1974 1993 quae
1993 1910 2047 1968 est

446 2029 592 2103 aeterna,
617 2035 683 2111 per
707 2034 816 2110 quam
835 2012 882 2086 ab
895 2015 1097 2111 equalitate
1113 2018 1235 2088 Patris
1252 2042 1329 2090 nou
1349 2016 1547 2109 receditur,
1566 2015 1627 2088 illu
1643 2040 1729 2088 vero
1745 2015 1847 2114 quasi
1867 2017 2046 2115 posterior

446 2150 483 2209 et
509 2133 716 2231 temporalis
741 2134 942 2206 secundum
974 2158 1083 2233 quarn
1110 2136 1231 2208 minor
1256 2142 1359 2210 Patre
1384 2137 1493 2209 Filius
1518 2137 1595 2234 ipse
1620 2135 1763 2207 dicitur.
1793 2139 1985 2208 Possumus
2011 2151 2047 2209 et

447 2255 568 2329 dicere
585 2254 622 2325 in
640 2278 686 2327 eo
701 2253 830 2327 Filium
852 2279 897 2326 ex
917 2258 1019 2328 Patre
1037 2257 1184 2355 proprie
1206 2271 1334 2331 natum
1361 2281 1439 2330 esse
1454 2257 1529 2329 sive
1547 2256 1726 2352 genitum,
1751 2255 1852 2353 qnod
1876 2256 2049 2329 naturalis

444 2375 521 2471 ejus
536 2376 581 2446 sit
596 2373 717 2464 Filius,
735 2399 812 2446 non
830 2374 1042 2473 adoptivus,
1061 2376 1153 2448 sicut
1176 2390 1211 2448 et
1234 2376 1354 2449 statim
1378 2376 1650 2467 determinatur,
1675 2399 1760 2446 curn
1781 2372 1952 2446 subditur
1973 2400 2048 2448 non

447 2495 576 2584 alium,
603 2493 667 2567 sed
692 2493 738 2566 de
762 2517 827 2568 sua
849 2493 1061 2567 substantia.
1087 2494 1217 2568 Sedet
1242 2495 1443 2569 secundum
1467 2494 1540 2568 boc
1562 2493 1663 2593 quod
1686 2494 1788 2590 juxta
1811 2493 2049 2593 philosophos

446 2630 532 2687 nata
548 2615 621 2685 sive
639 2614 758 2707 genita
774 2613 898 2684 omnia
913 2613 1095 2702 dicuntur,
1111 2640 1193 2713 que
1210 2615 1257 2688 ab
1274 2614 1395 2714 aliquo
1408 2614 1544 2688 habent
1563 2637 1652 2707 esse,
1671 2613 1819 2712 proprie
1831 2614 1938 2685 Filius
1950 2612 2050 2684 solus

448 2759 491 2807 ex
507 2738 609 2805 Patre
627 2745 802 2804 natusest
821 2758 830 2801 ι
851 2731 936 2828 quia
960 2731 1058 2803 solus
1076 2733 1153 2832 ipse
1168 2734 1352 2807 nascendo
1370 2759 1413 2807 ex
1434 2734 1512 2833 ipsa
1529 2733 1641 2806 Patris
1663 2731 1860 2806 substantia
1882 2746 1948 2804 est.
1966 2732 2048 2829 Spi-

448 2853 538 2923 ritus
553 2874 641 2921 vero
662 2861 821 2942 sanctus,
851 2849 1053 2922 secundum
1085 2851 1171 2944 hoc,
1202 2876 1246 2924 ex
1274 2855 1353 2926 solo
1382 2857 1485 2925 Patre
1510 2853 1656 2951 proprie
1682 2851 1880 2951 procedere
1901 2849 2047 2941 dicitur,

448 2969 550 3067 quod
571 2966 682 3040 abeo
706 2967 757 3041 sic
777 2968 954 3068 procedit,
979 2969 1081 3067 quasi
1103 2994 1126 3043 a
1148 2995 1292 3043 summo
1315 2972 1507 3073 principio,
1526 2971 1626 3070 quod
1639 2970 1808 3043 videlicet
1821 2970 1952 3043 abalio
1974 2992 2049 3041 non

448 3106 516 3163 est.
546 3088 635 3163 Inde
665 3090 763 3162 euim
796 3088 932 3187 aliquid
967 3092 1114 3190 proprie
1144 3092 1343 3191 procedere
1379 3093 1528 3179 dicitur,
1568 3092 1666 3164 unde
1700 3092 1821 3191 primo
1860 3091 1984 3163 venire
2009 3111 2050 3162 ac

449 3210 588 3298 moveri
612 3210 734 3307 coepit,
747 3210 838 3282 sicut
849 3208 948 3281 lacus
963 3233 1006 3282 ex
1026 3209 1138 3304 sonte,
1157 3236 1233 3283 non
1250 3236 1292 3283 ex
1310 3213 1404 3302 rivo,
1423 3212 1486 3284 sed
1499 3236 1567 3311 per
1584 3212 1715 3302 rivum,
1734 3212 1771 3282 in
1791 3234 1937 3308 querna
1954 3208 2051 3283 ionte

450 3332 599 3404 emissus
612 3355 678 3429 per
697 3354 783 3403 eum
813 3330 968 3422 transiit,
1003 3354 1045 3403 ac
1072 3332 1238 3430 pervenit
1267 3333 1304 3404 in
1331 3346 1509 3430 stagnum.
1534 3332 1593 3403 Sic
1613 3345 1649 3404 et
1673 3330 1824 3428 Spiritus
1844 3344 2052 3404 sanctnsex

450 3456 553 3526 Patre
573 3451 720 3551 proprie
744 3449 942 3548 procedere
968 3450 1113 3544 dicitur,
1142 3453 1246 3551 quasi
1271 3476 1455 3526 asumma
1470 3452 1624 3549 origine,
1650 3475 1730 3548 quae
1749 3450 1883 3523 scilicet
1905 3448 2068 3523 aliunde.

450 3595 525 3645 non
548 3571 607 3664 sit,
633 3585 669 3643 et
693 3570 740 3643 ab
775 3570 855 3668 ipso
888 3571 925 3642 iu
949 3570 1076 3643 Filium
1098 3573 1201 3669 quasi
1221 3573 1258 3643 in
1285 3571 1429 3644 rivum:
1449 3572 1534 3669 quia
1554 3571 1706 3670 etquod
1727 3569 1838 3643 habet
1863 3568 1983 3661 Filius,
1999 3567 2053 3641 ab

450 3691 529 3788 ipso
545 3690 655 3764 babet
677 3714 699 3763 a
719 3713 793 3788 quo
810 3703 845 3762 et
861 3690 935 3762 hoc
955 3691 1074 3788 ipsum
1092 3690 1203 3764 habet
1217 3690 1319 3787 quod
1337 3692 1413 3790 ipse
1432 3708 1503 3770 est.
1526 3708 1562 3765 et
1580 3717 1645 3790 per
1657 3689 1851 3763 Filiumud
1874 3714 1943 3761 nos
1971 3702 2054 3761 ten-

449 3810 535 3881 dem
567 3810 668 3906 quasi
689 3810 728 3881 in
753 3823 919 3906 stagnum
942 3809 1052 3906 hujus
1080 3810 1212 3882 saeculi.
1237 3812 1383 3911 Quippe
1404 3812 1467 3909 qui
1481 3814 1604 3884 omnia
1630 3813 1667 3883 in
1693 3809 1876 3910 Sapientia
1902 3808 1986 3881 facit
2009 3831 2053 3882 ac

450 3927 629 4026 d‘nponit,
653 3929 745 3999 etin
767 3928 836 4001 bac
860 3930 937 4026 ipsa
963 3930 1137 4027 sapientia
1164 3954 1229 4002 sua
1251 3932 1424 4030 Spiritum
1452 3931 1578 4003 tribuit
1610 3955 1759 4003 suorum
1783 3927 2053 4000 distributorem

450 4046 631 4118 donorum
657 4072 732 4118 non
761 4048 963 4145 improvide
996 4048 1053 4121 rel
1080 4049 1357 4122 inconsiderate.
1398 4050 1503 4122 Unde
1534 4064 1571 4122 et
1601 4049 1726 4122 beatus
1759 4048 1912 4120 Hilarius
1942 4044 2054 4143 Spiri-

452 4180 530 4238 tum
558 4189 581 4238 a
605 4171 708 4237 Patre
735 4190 799 4264 per
821 4166 950 4238 Filium
971 4169 1085 4264 magis
1102 4191 1215 4265 quam
1237 4192 1257 4239 a
1276 4167 1379 4242 Patre
1397 4184 1434 4241 et
1449 4169 1539 4242 Filio
1558 4168 1755 4269 procedere
1777 4192 1840 4240 seu
1864 4190 1942 4239 esse
1963 4165 2057 4236 sicut

451 4299 489 4357 et
503 4286 595 4357 mitti
616 4283 803 4383 perhibet,
826 4285 873 4357 ita
896 4285 944 4357 ad
960 4290 1076 4358 Deum
1094 4292 1236 4360 Patrem
1256 4288 1303 4359 de
1327 4290 1463 4388 Spiritu
1484 4289 1564 4387 ipso
1590 4301 1626 4360 et
1646 4289 1736 4361 Filio
1759 4287 1914 4384 loquens
1929 4286 1967 4357 in
1991 4288 2055 4356 ΧΙΙ

451 4404 496 4477 de
521 4408 695 4478 Trinitute
715 4405 825 4497 libro,
851 4433 869 4474 u
889 4410 929 4479 ln
944 4422 1068 4480 sancto
1093 4408 1228 4507 Spiritu
1243 4422 1306 4480 tuo
1322 4433 1365 4481 cx
1383 4424 1418 4480 te
1435 4408 1598 4507 proiecto
1624 4422 1660 4480 et
1683 4432 1749 4506 per
1776 4429 1860 4479 eum
1893 4406 2016 4478 muso.
2035 4433 2053 4471 u

495 4662 508 4692 ⁸
529 4646 651 4710 Caritas
670 4646 742 4725 Dei,
760 4670 823 4735 qua
836 4669 870 4713 se
883 4670 944 4736 per
957 4663 1119 4712 creaturas
1131 4644 1176 4710 ad
1191 4645 1342 4712 effecmm
1364 4646 1519 4726 extendit,
1532 4645 1567 4711 id
1582 4661 1632 4712 est
1643 4646 1731 4710 bona
1751 4648 1820 4730 ejus
1833 4667 1911 4735 erga
1922 4665 1977 4709 eas
1993 4665 2057 4708 ro·

451 4744 569 4826 luntas,
581 4759 648 4807 tam
661 4744 752 4809 ineis
763 4742 942 4810 condendis
953 4768 1050 4834 quam
1064 4743 1284 4834 disponendis,
1302 4768 1366 4834 qua
1377 4744 1528 4810 videlicet
1538 4745 1625 4809 Deus
1636 4765 1705 4809 non
1717 4742 1824 4808 solum
1835 4743 1962 4808 bonum
1971 4739 2055 4818 τὼ,

451 4841 623 4907 sedetiam
641 4841 739 4923 bene,
759 4856 795 4904 ut
815 4840 977 4906 rationalis
991 4856 1198 4922 monstretur,
1218 4865 1259 4906 ex
1275 4842 1370 4907 Patre
1386 4841 1561 4931 procedere
1578 4839 1695 4905 dicitur
1711 4855 1745 4905 et
1763 4838 1857 4919 Filio,
1874 4840 1938 4904 boc
1955 4853 2004 4903 est
2023 4838 2058 4902 in

450 4937 511 5004 illis
522 4938 611 5028 quasi
622 4937 836 5028 primordium
851 4954 883 5003 et
894 4961 1022 5003 causam
1039 4962 1104 5003 suae
1118 4939 1297 5005 existentiae
1315 4938 1447 5019 habere,
1464 4961 1539 5004 cum
1559 4960 1599 5003 cx
1616 4960 1657 5003 eo
1673 4939 1760 5002 Deus
1770 4936 1970 5002 rationaliter
1981 4933 2060 4999 velit

451 5035 603 5125 quicquid
615 5036 656 5102 de
672 5034 851 5101 condendis
861 5034 913 5101 vel
925 5035 1133 5125 disponendis
1144 5036 1296 5102 creaturis
1310 5036 1463 5119 instituit;
1477 5036 1552 5125 quia
1563 5051 1596 5101 et
1609 5036 1785 5125 potentiam
1800 5050 1835 5100 et
1847 5033 2011 5100 solertiam
2024 5033 2059 5096 in

452 5133 502 5197 his
512 5138 562 5198 vel
573 5133 752 5199 condendis
762 5133 814 5199 rel
827 5131 1035 5225 disponendis
1051 5132 1180 5222 plenam
1193 5134 1332 5199 obtinet.
