4559 6100
431 561 505 637 304
1036 557 1163 631 PETRI
1190 551 1422 631 ABAEttttttt

431 708 644 806 intelligetis,
674 723 710 781 et
734 707 895 781 videntes
922 705 1089 781 videbitis
1114 721 1150 780 et
1177 732 1251 780 non
1284 704 1462 778 videbitis.
1495 707 1730 775 incrassatum
1757 711 1810 774 est
1834 702 1934 774 enim
1961 723 2028 775 cor

433 827 558 928 populi
576 826 697 924 hujus,
721 843 789 900 etc.
806 857 823 896 u
843 833 945 900 Nunc
965 851 1051 926 ergo
1067 852 1213 901 sensum
1230 825 1325 900 lsaiae
1342 822 1484 897 videtur
1505 823 1694 921 Apostolus
1710 821 1784 894 suis
1800 820 2026 894 sermonibus

432 947 636 1045 protulisse.
661 947 829 1019 Similiter
851 960 887 1019 et
902 945 948 1018 de
964 946 1020 1019 his
1045 945 1246 1019 laciendum
1272 968 1352 1040 quae
1372 942 1418 1014 de
1444 940 1559 1014 David
1580 941 1754 1041 scriptura
1781 941 2022 1040 pronunciat:

435 1096 453 1135 u
477 1066 554 1139 Fiat
576 1090 700 1138 mensa
724 1089 874 1155 eorum,
897 1078 966 1138 etc.
990 1095 1007 1132 u
1036 1095 1054 1127 u
1079 1065 1250 1164 Spiritum
1273 1061 1582 1160 compunctionis,
1608 1074 1677 1132 etc.
1699 1088 1717 1126 u
1740 1058 1778 1131 id
1805 1073 1858 1131 est
1887 1057 2029 1131 invidiae

433 1200 470 1259 et
494 1184 593 1278 odii,
621 1183 753 1283 quibus
784 1209 911 1257 eorum
942 1199 1078 1257 mentes
1109 1197 1376 1284 pungerentur,
1411 1179 1449 1252 id
1480 1194 1533 1252 est
1562 1179 1828 1252 stimularentur
1858 1177 2029 1251 adversus

434 1305 614 1378 Christum
642 1318 677 1376 et
701 1328 798 1378 suos.
829 1335 846 1371 a
872 1304 1024 1397 Oculos,
1045 1336 1061 1372 n
1088 1304 1126 1376 id
1154 1318 1207 1377 est
1229 1303 1404 1375 rationem
1433 1323 1497 1398 per
1521 1325 1559 1372 se
1583 1298 1704 1371 videre
1730 1322 1804 1369 non
1829 1298 2023 1385 valentem,

438 1456 456 1495 a
475 1441 510 1499 et
526 1449 647 1517 aures,
670 1424 812 1498 »idest
833 1449 908 1496 non
927 1423 997 1497 alio
1015 1423 1170 1497 docente
1186 1423 1433 1518 intelligentes.
1456 1450 1473 1488 u
1495 1420 1569 1493 Fiat
1586 1441 1709 1493 mensa
1724 1444 1865 1491 eorum.
1881 1447 1898 1485 u
1917 1418 2026 1506 Quod

435 1569 476 1616 ex
501 1545 589 1618 lsaia
614 1544 671 1616 vel
693 1570 734 1617 ex
764 1544 897 1617 David¹
916 1543 1059 1616 ridetur
1080 1558 1322 1640 assumptum,
1347 1542 1384 1613 in
1409 1554 1561 1638 utroque
1588 1565 1682 1611 unus
1706 1564 1830 1611 sensus
1850 1537 2027 1636 quodam-

435 1663 547 1736 modo
577 1664 823 1763 exponitur.»
852 1667 939 1735 ltem
971 1688 979 1731 :
1014 1693 1032 1728 α
1063 1661 1160 1734 ldem
1185 1660 1286 1758 quod
1311 1660 1399 1732 dixit
1428 1689 1445 1725 α
1473 1660 1508 1730 in
1536 1659 1760 1757 captionem,
1784 1689 1801 1724 r
1829 1658 1866 1729 in
1889 1656 2028 1730 Psalmo

436 1805 510 1853 non
528 1780 682 1853 habetur
700 1781 892 1880 scriptum,
914 1805 1031 1878 neque
1047 1780 1083 1852 in
1103 1805 1191 1870 nxx,
1210 1803 1327 1875 neque
1347 1781 1382 1850 in
1405 1777 1568 1851 Hebraeo.
1593 1782 1635 1849 Et
1660 1802 1803 1850 rursum
1826 1778 1864 1848 in
1888 1776 2029 1848 Psalmo

435 1898 588 1973 habetur
607 1929 625 1965 (ι
644 1923 768 1971 coram
790 1899 895 1998 ipsis;
916 1927 934 1968 »
959 1899 1147 1998 Apostolus
1167 1913 1287 1972 autem
1304 1923 1378 1970 non
1396 1896 1553 1995 posuit«
1573 1921 1695 1970 coram
1711 1897 1809 1996 ipsis.
1827 1924 1845 1964 u
1874 1925 1891 1963 α
1910 1898 2030 1968 Mensa

435 2043 563 2091 eorum
588 2042 709 2091 coram
731 2018 815 2110 illis,
836 2047 853 2086 u
875 2018 913 2091 id
934 2034 987 2092 est
1011 2021 1186 2118 scriptura
1212 2019 1340 2091 veteris
1367 2017 1581 2090 Testamenti
1604 2018 1655 2089 eis
1676 2016 1821 2107 tradita,
1848 2031 1885 2088 et
1910 2014 1956 2087 ab
1979 2016 2030 2087 eis

436 2139 676 2236 frequentata,
708 2137 805 2210 unde
833 2138 955 2211 cibum
988 2140 1115 2213 animae
1144 2138 1378 2235 intelligentes
1410 2151 1579 2230 sumunt,
1610 2165 1627 2203 a
1659 2137 1695 2208 in
1728 2137 1897 2232 laqueum
1925 2149 1960 2208 et
1992 2136 2028 2206 in

436 2258 658 2358 captionem,
686 2286 704 2323 u
730 2257 768 2329 id
791 2272 902 2331 estut
925 2258 1110 2356 laqueum,
1133 2283 1208 2355 quo
1232 2257 1297 2356 ipsi
1319 2281 1393 2328 non
1414 2257 1504 2328 alios
1524 2256 1683 2355 capiant,
1707 2255 1770 2329 sed
1791 2257 1976 2355 capiantur
1995 2268 2030 2327 et

392 2359 395 2364 ⁵
435 2374 683 2463 detineantur,
709 2400 755 2447 ne
779 2377 835 2449 via
855 2376 1010 2449 veritatis
1033 2376 1222 2468 incedant,
1247 2401 1327 2473 quae
1348 2377 1417 2448 ait¹
1438 2402 1446 2446 z
1469 2404 1488 2444 a
1515 2379 1588 2471 Ego
1613 2401 1694 2448 sum
1722 2376 1796 2468 via,
1821 2377 1971 2464 veritas,
1996 2390 2030 2446 et

437 2496 526 2583 vita,
549 2521 567 2562 >r
591 2492 678 2566 dum
700 2494 833 2568 scilicet
857 2495 944 2568 nihil
972 2495 1022 2568 ibi
1048 2496 1194 2593 mystice
1217 2496 1411 2593 accipiant,
1436 2494 1499 2567 sed
1524 2495 1571 2568 ad
1594 2494 1746 2567 litteram
1774 2519 1852 2593 quae
1880 2493 2028 2583 occidit,

437 2627 566 2685 cuncta
580 2628 786 2712 exponant,
807 2613 864 2685 vel
890 2641 907 2681 «
923 2614 960 2685 in
980 2615 1204 2713 captionem,
1223 2642 1240 2681 rr
1258 2614 1347 2686 dum
1371 2638 1463 2712 saepe
1479 2615 1636 2687 Domino
1663 2613 1718 2685 vel
1743 2614 1872 2686 sanctis
1894 2616 2033 2684 Docto-

436 2730 536 2803 ribus
561 2731 838 2827 confligentibus
863 2756 948 2803 cum
973 2734 1036 2819 eis,
1063 2732 1120 2806 tis
1149 2758 1227 2831 quae
1252 2734 1297 2806 de
1320 2735 1494 2832 scriptura
1516 2736 1566 2806 eis
1588 2733 1808 2831 objiciuntur
1828 2733 2032 2804 testimonia

438 2852 484 2921 ita
503 2852 695 2950 capiuntur
710 2866 746 2923 et
771 2851 1075 2948 constringuntur,
1100 2865 1141 2923 ut
1164 2876 1203 2923 se
1228 2851 1395 2950 expedire
1420 2852 1467 2925 ab
1487 2852 1637 2950 objectis
1654 2877 1729 2924 uon
1748 2849 1897 2923 valeant.
1917 2851 2033 2938 Quale

437 2983 490 3042 est
518 2968 606 3041 illud
636 2969 737 3069 quod
768 2970 946 3043 Dominus
975 2970 1025 3043 eis
1055 2971 1225 3070 opposuit
1251 2970 1394 3043 dicens³
1422 2999 1429 3042 :
1461 3001 1479 3040 a
1511 2970 1706 3062 Quomodo
1734 2993 1818 3067 ergo
1848 2968 1964 3040 David
1995 2970 2033 3041 in

438 3090 562 3189 spiritu
582 3104 688 3163 vocat
707 3116 791 3163 eum
814 3092 1031 3183 Dominum,
1048 3107 1117 3164 etc.
1141 3124 1158 3159 n
1189 3123 1206 3158 a
1228 3096 1267 3163 ln
1288 3092 1500 3165 scandalum
1516 3108 1552 3165 et
1573 3095 1609 3164 iu
1628 3091 1901 3165 retributionem
1920 3120 1938 3157 u
1961 3089 2033 3163 lroe

438 3224 491 3282 est
521 3210 558 3281 in
588 3208 860 3282 retributionem
889 3210 1047 3285 scandali
1079 3192 1207 3287 animae
1236 3236 1326 3303 suae,
1354 3211 1391 3285 id
1418 3227 1472 3285 est
1498 3212 1763 3301 damnationis,
1787 3234 1862 3285 non
1886 3208 2031 3298 salutis,

438 3328 662 3402 secundum‘
686 3329 836 3404 verbum
866 3332 1037 3422 Domini,
1066 3356 1140 3430 quo
1167 3332 1262 3405 ait‘:
1286 3364 1303 3399 α
1325 3338 1386 3405 Est
1411 3333 1474 3431 qui
1503 3346 1644 3406 accuset
1673 3354 1740 3404 vos
1770 3334 1931 3429 Moyses,
1951 3362 1968 3397 r
2001 3347 2034 3404 et

438 3448 636 3523 secundum
660 3449 761 3549 quod
781 3450 974 3550 Apostolus
995 3450 1099 3523 dicit‘
1119 3478 1127 3521 ε
1151 3480 1169 3520 «
1189 3455 1234 3524 Et
1249 3454 1311 3549 qui
1330 3454 1366 3524 in
1384 3451 1461 3550 lege
1477 3452 1702 3552 peccaverint
1723 3476 1788 3551 per
1804 3450 1919 3547 legem
1939 3450 2035 3547 judi-

438 3567 628 3643 cabuntur.
650 3598 667 3638 u
685 3569 1026 3644 Scaudalumetiam
1046 3571 1169 3644 lexeis
1191 3570 1282 3644 tacta
1306 3587 1377 3660 est,
1397 3571 1541 3645 ottensae
1564 3586 1600 3645 et
1628 3570 1883 3667 indignationis
1905 3594 2030 3655 causa,

438 3712 522 3760 cum
546 3689 659 3761 multa
692 3688 873 3761 Christum
901 3704 938 3765 et
968 3713 1053 3761 suos
1082 3689 1138 3761 vel
1162 3688 1283 3761 dicere
1311 3688 1367 3760 vel
1393 3690 1508 3762 lacere
1533 3689 1715 3782 viderent,
1750 3714 1830 3788 qnae
1859 3690 1928 3786 legi
1947 3713 2034 3761 cori·

440 3807 546 3877 traria
565 3805 765 3879 crederent.
786 3805 891 3879 Unde
911 3806 1000 3882 illud
1019 3822 1073 3879 est
1090 3805 1191 3904 quod
1208 3806 1417 3880 dixerunt⁷2
1437 3837 1455 3877 a
1467 3815 1539 3881 Nos
1555 3809 1760 3882 audivimus
1780 3834 1822 3881 ex
1841 3808 1929 3905 lege,
1950 3809 2033 3906 quia

439 3922 602 3998 Christus
617 3939 740 4001 manet
754 3927 791 3998 in
808 3940 995 3998 aeternum.
1012 3953 1030 3995 r
1062 3954 1079 3990 α
1096 3924 1356 3999 Obscureutur.
1379 3955 1397 3995 u
1416 3927 1520 4001 Unde
1536 3928 1745 4002 scandalum
1769 3928 1841 4000 hoc
1862 3925 2032 4027 procedat

440 4041 496 4115 uel
512 4041 731 4139 illaqueatio,
750 4045 940 4143 supponit,
956 4069 999 4117 ex
1015 4045 1250 4118 excecatione
1265 4046 1398 4120 scilicet
1413 4048 1591 4145 ipsorum,
1607 4062 1643 4120 et
1661 4046 1854 4147 cupiditate
1873 4059 2036 4118 terreno·

442 4187 535 4253 rum,
559 4187 638 4261 quae
663 4187 804 4263 semper
827 4164 864 4236 iu
888 4164 1018 4236 ludaeis
1040 4164 1194 4237 maxima
1210 4180 1346 4265 regnat.
1370 4196 1387 4235 a
1408 4170 1571 4240 lncurva.
1589 4197 1607 4234 r
1625 4166 1785 4241 Verbum
1807 4181 1860 4238 est
1882 4166 2034 4263 impera·

441 4283 576 4372 tirum,
595 4307 637 4355 ac
652 4283 682 4354 si
700 4281 839 4355 dicatur
856 4309 864 4355 :
882 4287 932 4355 Tu
950 4285 1060 4372 Deus,
1079 4283 1227 4357 incurva
1244 4284 1394 4358 dorsum
1410 4310 1556 4378 comm,
1574 4302 1614 4359 ut
1630 4285 1824 4385 cupiditate
1841 4282 2034 4384 appetendi

442 4413 603 4493 terrena,
622 4425 697 4473 non
721 4401 902 4500 erigantur
919 4402 966 4474 ad
983 4401 1151 4475 coelestia.
1177 4403 1382 4501 Notandum
1399 4429 1486 4477 vero
1502 4404 1710 4503 hujusmodi
1738 4404 1847 4478 verba
1867 4426 1947 4500 quae
1968 4403 2035 4474 im-

440 4518 656 4617 precationis
680 4520 847 4593 videntur
871 4546 955 4594 cum
981 4546 1001 4593 a
1027 4524 1159 4595 sanctis
1181 4522 1364 4616 dicantur,
1392 4525 1504 4622 magis
1529 4522 1576 4597 ad
1593 4523 1843 4624 propheticam
1863 4521 2034 4595 enuncia·

441 4635 578 4711 tionem
594 4662 705 4736 quam
721 4640 767 4712 ad
785 4640 999 4714 desiderium
1016 4640 1181 4715 vindictae
1205 4643 1395 4740 pertinere,
1415 4657 1455 4715 ut
1475 4642 1639 4716 videlicet
1661 4667 1745 4716 cum
1765 4641 1921 4716 dicitur:
1944 4641 2031 4732 Fiat,

441 4754 509 4828 tale
526 4758 572 4830 sit
591 4781 635 4830 ac
655 4758 683 4831 si
702 4758 965 4858 prediceretur.
991 4762 1089 4834 Sicut
1111 4761 1208 4834 enirn
1226 4761 1446 4860 quandoque
1467 4762 1586 4837 tuturo
1608 4762 1789 4835 indicativi
1812 4760 1911 4835 modi
1934 4760 2034 4833 verbi

469 5089 1208 5161 >erumnaete-ttou..up.xn.v.u-·tnu.‚
1260 5098 1374 5150 ventat.
1389 5122 1416 5136 -
1430 5096 1536 5160 ticin,
1551 5108 1606 5163 erp.
1622 5109 1650 5161 r,
1667 5110 1689 5149 v.
1706 5097 1746 5148 ta
1759 5096 1910 5155 ·-‘lt0tt·‚
1928 5102 1983 5156 Utt-
2001 5106 2035 5151 1¹,

441 5181 497 5231 cap.
507 5182 565 5231 mu,
576 5185 598 5220 r.
608 5172 771 5225 tra-utus
781 5175 852 5225 tmtr.
865 5173 1093 5228 terraturium
1103 5175 1209 5228 rutum
1262 5192 1286 5230 r.
1300 5181 1337 5231 tt.
1351 5204 1380 5216 -
1391 5176 1495 5242 tlon..
1507 5190 1563 5242 erp.
1580 5189 1629 5241 nr,
1641 5190 1664 5229 r.
1677 5178 1716 5229 at.
