4559 6100
1163 0 1196 41 ὁΙ

579 123 779 195 disturbare
798 121 934 195 malum
953 122 1101 218 aliquod
1118 128 1230 215 Deus,

571 269 602 315 e.
631 242 741 342 [Quis
766 250 1046 341 auteur‘pegare
1075 242 1230 336 audeat,

571 360 819 460 :saivare....]
882 343 892 380 ²

571 508 688 554 serere
702 483 896 580 erupimus,
916 483 1120 576 innitenteS,
1140 484 1230 580 quid

571 603 750 675 tiuationis
768 601 964 673 assertione
990 602 1227 700 proferamus.

571 748 645 793 rme
667 721 876 811 bonusest,
905 745 973 792 nec
995 722 1032 791 in
1063 746 1129 793 sua
1154 728 1230 793 cre·

570 843 651 935 liter
673 866 715 912 ac
733 840 1012 913 substantialiter
1031 867 1074 913 ex
1096 843 1228 941 seips0,

571 987 586 1033 a
610 985 674 1034 soa
695 976 730 1033 et
755 959 927 1032 ineffabili
945 960 1116 1052 bonitate,
1137 962 1230 1035 adeo

581 1095 618 1153 ut
639 1106 717 1176 quae
734 1080 821 1172 vult,
845 1082 1044 1152 necessario
1066 1081 1169 1171 velit,
1197 1100 1233 1157 et

577 1225 641 1272 sua
659 1215 774 1298 potest
795 1199 895 1272 bona
916 1200 1099 1272 voluntate
1121 1225 1231 1295 quam

570 1320 731 1411 ventitia,
758 1319 849 1390 sieut
875 1334 997 1392 nostra
1022 1333 1074 1392 est
1101 1319 1228 1409 uobis3

570 1440 700 1511 essario
726 1438 759 1509 ei
785 1453 892 1533 atque
918 1438 1086 1511 omnibus
1114 1441 1231 1513 modis

570 1557 795 1650 isericordia,
824 1574 859 1630 et
882 1584 1119 1657 quaeoumque
1149 1585 1233 1656 erga

570 1695 701 1753 autum
713 1677 833 1750 bouus
845 1694 911 1773 est,
926 1694 1100 1777 quantum
1112 1679 1232 1753 bouus

570 1814 595 1870 st
623 1813 661 1869 ut
687 1813 759 1870 tam
788 1798 881 1871 bene
906 1801 991 1871 velit
1015 1801 1060 1872 de
1084 1801 1232 1896 siugulis

582 1934 759 2015 quantum
780 1933 910 2016 potest.
935 1919 1113 2015 Alioquin,
1131 1921 1232 2017 juxta

570 2040 702 2134 riguus.
723 2038 832 2126 Quod
849 2040 879 2110 si
895 2052 976 2112 eam'
997 2066 1105 2136 quam
1124 2041 1234 2113 habet

585 2183 652 2229 uec
674 2158 734 2229 itta
757 2182 916 2254 uuquam
939 2157 1095 2231 efficacia
1120 2163 1234 2258 possit

570 2302 640 2374 quae
674 2278 751 2374 ejus
781 2277 1002 2350 voluntatem
1032 2284 1232 2354 necessario

570 2399 684 2469 ¹ssario
710 2399 804 2486 vult,
835 2399 882 2471 ita
908 2400 1109 2471 necessario
1135 2400 1247 2473 iacit*

570 2517 627 2588 ,rio
644 2516 691 2588 ad
714 2515 811 2589 bona
827 2542 907 2613 quae
928 2532 1045 2615 potest
1069 2517 1232 2593 facienda

584 2634 682 2713 bona
701 2661 780 2732 quae
802 2648 918 2733 potest
936 2634 1083 2729 efficiat,
1103 2652 1139 2709 et
1156 2664 1230 2736 quo

569 2754 671 2826 odem
690 2755 767 2851 ejus
788 2756 919 2826 dieitur
935 2755 981 2827 de
1004 2755 1060 2827 his
1082 2782 1230 2854 quoque

569 2901 599 2946 ru
618 2874 759 2947 tardare
776 2876 811 2945 in
829 2876 951 2972 aliquo
969 2875 1144 2948 dicendus
1161 2893 1227 2969 est,

575 3009 713 3067 tautum
730 2994 870 3067 tardare
887 2994 1062 3067 dicendus
1079 3011 1147 3084 est,
1168 2999 1230 3096 qui

569 3118 647 3187 ¹‚ieut
664 3115 803 3187 auferre
820 3115 960 3187 bouum
976 3116 1076 3211 quod
1099 3119 1227 3216 possis,

575 3240 651 3332 jam
676 3234 879 3307 iaciendum
902 3259 978 3306 esse
1001 3259 1167 3322 censeas,
1194 3239 1232 3310 iu

581 3355 713 3426 futuro.
746 3354 949 3426 Necessario
980 3354 1101 3449 itaque
1134 3360 1232 3431 Deus

569 3476 652 3545 utut
676 3475 738 3571 qui
762 3499 861 3561 eum,
891 3474 1099 3571 priusquam
1126 3475 1228 3568 iecit,
1304 3467 1307 3472 ⁴

572 3621 655 3668 euru
676 3620 750 3666 uon
768 3596 940 3693 oportuit.
962 3596 1113 3666 sienim
1132 3598 1231 3693 prius

569 3783 570 3790 ,
600 3717 686 3813 quia
710 3715 824 3787 iacere
846 3714 1047 3811 quidquam
1072 3716 1138 3785 uisi
1164 3741 1231 3814 op·

569 3836 674 3922 lest,
698 3848 771 3906 tam
794 3834 934 3906 bouum
952 3847 1232 3930 quantumcum-

569 3953 658 4053 io¹,]
675 3954 712 4025 io
730 3979 804 4050 quo
832 3955 995 4025 omnium
1019 3968 1231 4027 naturarum

569 4074 670 4145 »iliter
687 4073 882 4144 constituit.
904 4074 940 4144 Si
961 4074 1041 4170 quis
1057 4088 1177 4146 tamen
1195 4091 1231 4148 et

592 4194 792 4291 oportuerit
815 4207 877 4265 aut
903 4193 1070 4267 sacereut
1089 4219 1231 4293 semper

569 4313 703 4387 rdinem
727 4315 956 4414 participaret
985 4330 1170 4409 creaturae,
1191 4329 1232 4388 ut
