4559 6100
528 555 687 629 ETHICA
713 554 795 626 SEU
819 553 949 625 LIBER
974 548 1153 621 DlC'l'US:
1180 548 1303 619 SCl'l'O
1328 546 1528 619 TElPSUM.
1752 548 1823 621 605

238 718 354 801 potest
372 704 574 803 adequari?
588 705 676 791 Quis
701 717 799 779 tenta
822 701 969 773 sustinet
986 698 1043 775 vel
1065 699 1138 793 agit
1158 722 1282 771 amore
1297 697 1382 788 Dei,
1402 711 1536 792 quanta
1560 695 1610 769 illi
1630 696 1825 795 cupiditate

237 822 402 897 humenae
417 823 559 898 laudis?
576 824 664 911 Quis
677 821 835 919 denique
849 821 983 895 nesciet
997 842 1262 915 nonnunquam
1279 841 1322 889 ea
1337 841 1417 912 quae
1434 819 1532 889 Deus
1546 815 1715 913 probibet
1730 817 1821 907 lieri,

238 958 331 1016 recte
355 944 441 1039 geri,
458 943 516 1015 vel
536 967 612 1015 esse
635 941 798 1017 iacienda
818 969 826 1013 :
843 941 933 1017 sient
952 965 972 1015 e
991 938 1192 1025 contrario,
1211 959 1286 1007 non
1308 934 1406 1009 nulla
1421 931 1641 1031 quandoque
1659 938 1822 1036 principi,

234 1086 314 1158 que
330 1076 449 1136 temen
468 1061 545 1135 fieri
561 1062 709 1135 minime
721 1060 913 1134 convenit?
934 1063 1025 1133 Eece
1039 1057 1135 1134 euim
1153 1079 1228 1133 nou
1249 1052 1348 1125 nulla
1361 1053 1439 1149 ejus
1455 1055 1622 1131 novimus
1639 1056 1822 1147 miracula,

235 1180 367 1276 quibus
390 1206 474 1254 cum
499 1179 722 1257 infirmitates
746 1178 934 1270 curaverit,
960 1177 1109 1251 revelari
1128 1172 1314 1272 prohibuit
1330 1172 1378 1247 ad
1395 1172 1598 1272 exemplum
1614 1175 1747 1253 scilicet
1762 1178 1827 1259 hu·

236 1299 408 1390 militatis,
426 1325 472 1372 ne
488 1303 569 1398 quis
586 1301 677 1372 forte
693 1300 739 1372 de
755 1300 866 1398 gratia
882 1296 951 1371 sibi
967 1297 1096 1371 collau
1113 1294 1220 1371 simili
1234 1292 1386 1389 gloriam
1402 1308 1598 1392 appeteret.
1619 1299 1692 1373 Neo
1704 1311 1824 1371 temen

235 1419 354 1493 minus
371 1419 421 1494 illi
438 1422 500 1516 qui
523 1420 698 1495 beneficia
721 1419 781 1495 illa
803 1431 1045 1516 susceperant,
1068 1414 1253 1514 pidilioare
1275 1412 1335 1491 ille
1350 1412 1556 1501 cessabant,
1582 1414 1630 1489 ad
1646 1415 1825 1491 honorem

234 1537 365 1611 scilieet
388 1540 483 1636 ejus,
503 1540 566 1637 qui
588 1553 624 1613 et
647 1539 706 1613 ille
727 1539 872 1630 feneret,
893 1552 932 1610 et
953 1535 1101 1611 revelari
1117 1532 1352 1634 prohibuerat
1370 1560 1378 1603 ι
1398 1533 1443 1609 de
1466 1533 1633 1631 qualibus
1653 1538 1824 1636 scriptum

234 1660 300 1728 est¹
320 1684 329 1728 ε
351 1662 529 1746 «Quanto
547 1660 598 1733 eie
616 1657 842 1759 precipiebat
856 1683 903 1733 ue
916 1657 1089 1748 dicerent,
1109 1651 1305 1753 tantoplus
1320 1652 1575 1751 predicabant,
1597 1670 1666 1727 eto.
1686 1684 1703 1724 n
1723 1662 1823 1739 Nun.

233 1776 322 1870 quid
339 1779 428 1850 tales
443 1802 523 1851 reos
540 1779 827 1875 transgressionis
839 1776 1030 1873 judicabis,
1049 1775 1111 1872 qui
1125 1789 1251 1851 eontra
1268 1786 1484 1870 preceptum
1497 1772 1598 1869 quod
1614 1796 1824 1875 acceperant

233 1909 396 1989 egerunt,
416 1910 524 1992 atque
540 1897 612 1970 boe
631 1898 739 1972 etiem
755 1896 934 1973 scienter?
955 1895 1052 1983 Quid
1066 1919 1129 1966 eos
1145 1907 1290 1969 excuset
1310 1916 1331 1967 u
1349 1893 1639 1988 transgressione.
1658 1898 1727 1979 nisi
1739 1902 1824 1995 quia

233 2013 322 2085 nihil
344 2029 495 2110 egerunt
520 2040 586 2113 per
608 2029 857 2115 contemptum
884 2013 1141 2114 precipientis,
1165 2010 1264 2109 quod
1289 2010 1336 2087 ed
1361 2010 1540 2091 honorem
1570 2013 1683 2110 ipsius
1708 2017 1823 2095 faeere

232 2132 493 2205 decreverunt?
521 2136 599 2226 Die,
620 2135 786 2226 obsecro,
804 2136 833 2211 si
855 2134 1025 2233 precepit
1039 2132 1200 2209 Christus
1220 2130 1320 2228 quod
1336 2131 1617 2229 prteeipiendum
1640 2160 1715 2213 nnn
1742 2136 1819 2231 tuit,

232 2266 294 2321 aut
308 2252 339 2322 si
355 2251 404 2323 illi
421 2252 645 2340 dimiserunt,
667 2253 767 2350 quod
787 2251 986 2327 tenendum
1003 2246 1097 2327 suit?
1111 2251 1191 2325 Fuit
1203 2249 1343 2325 bouum
1359 2251 1523 2348 praecipi,
1542 2253 1643 2349 quod
1664 2280 1740 2335 uon
1757 2259 1822 2333 luit

232 2368 371 2441 bouum
388 2370 478 2443 lieri.
491 2373 619 2469 Utique
632 2387 669 2444 et
678 2374 714 2445 in
728 2371 907 2445 Abraham
923 2368 1105 2445 eoensebis
1119 2370 1334 2458 Dominum,
1354 2370 1412 2447 cui
1430 2372 1586 2469 primum
1596 2377 1763 2474 preeepit
1776 2379 1822 2455 de

231 2488 456 2563 immolando
473 2489 563 2583 lilio,
589 2492 690 2589 quod
710 2490 944 2590 postmodnm
967 2493 1043 2589 ipse
1064 2489 1408 2587 inhibuituunquid
1433 2515 1507 2569 nou
1533 2491 1629 2569 bene
1656 2502 1822 2598 precepit

231 2611 327 2679 Deus
352 2609 390 2680 id
415 2608 504 2701 lieri,
529 2610 630 2705 quod
652 2634 726 2682 non
750 2624 826 2683 eret
846 2608 985 2683 bonurn
1005 2608 1107 2687 lieri?
1124 2609 1162 2681 Sl
1184 2609 1282 2683 enim
1304 2606 1457 2698 bonnm,
1484 2611 1672 2706 quomodo
1696 2633 1821 2714 posim

231 2727 480 2823 prohibitum?
503 2729 540 2800 si
564 2742 683 2800 autem
705 2727 803 2802 idem
825 2742 861 2801 et
884 2727 1023 2801 bonum
1045 2727 1111 2803 init
1132 2727 1292 2825 proripi,
1311 2741 1348 2801 et
1369 2725 1509 2801 bonum
1534 2730 1729 2826 prohiberi,
1753 2763 1821 2813 nec

230 2845 328 2916 enim
352 2846 547 2943 quicquam
571 2846 707 2942 absque
726 2844 929 2919 mtionabili
956 2870 1063 2923 eausa
1083 2850 1179 2921 Deus
1202 2846 1396 2943 permittit,
1423 2846 1578 2923 nedum¹
1601 2849 1714 2925 faeere
1731 2880 1821 2933 oon·

230 2964 348 3054 sentit,
368 2964 466 3036 vides
482 2965 568 3062 quie
584 2964 662 3037 sola
677 2966 830 3039 intentio
848 2966 1033 3064 praecepti,
1056 2989 1131 3039 nou
1152 2966 1246 3041 aetio
1270 2964 1355 3041 sacti
1374 2969 1491 3041 neum
1509 2986 1664 3060 excusat,
1684 2999 1769 3052 cum
1783 2977 1821 3052 id

230 3082 323 3155 bene
344 3085 532 3182 pnnoepit,
551 3084 651 3181 quod
667 3110 742 3157 non
768 3100 822 3158 eet
837 3084 978 3158 bonum
997 3084 1087 3160 lieri.
1110 3091 1189 3162 Nou
1212 3086 1309 3158 enim
1325 3089 1423 3160 Deus
1437 3085 1485 3160 ed
1501 3085 1573 3162 boc
1587 3090 1817 3189 intendebat,

229 3200 286 3272 vel
306 3203 364 3296 egi
382 3202 621 3299 precipiebat,
645 3217 687 3273 nt
708 3202 890 3278 Abrabam
907 3202 1022 3278 filium
1039 3202 1258 3290 immolarem
1279 3202 1343 3278 sed
1360 3218 1400 3278 ut
1418 3229 1461 3280 es
1476 3205 1549 3282 boo
1565 3211 1718 3284 maxime
1734 3215 1819 3288 obe

229 3318 363 3391 dientia
385 3320 475 3415 ejru,
498 3335 535 3391 et
560 3322 759 3395 constantio
777 3320 861 3394 fidei
883 3321 939 3394 vel
963 3321 1096 3394 amoris
1120 3321 1158 3392 in
1182 3345 1267 3394 eum
1283 3319 1509 3419 preberetur,
1534 3339 1570 3396 et
1594 3326 1632 3402 iu
1653 3333 1818 3431 exemplo

229 3436 336 3510 nobis
348 3438 620 3537 relinqueretur.
638 3444 715 3511 Hoc
729 3441 864 3540 qnippe
877 3454 1041 3539 patenter
1051 3453 1087 3511 et
1101 3439 1279 3516 Dominus
1294 3441 1372 3538 ipse
1384 3443 1618 3538 postmodum
1631 3448 1819 3545 profitetur

229 3581 315 3630 cum
331 3559 425 3630 ait⁸z
446 3562 548 3630 Nunc
564 3561 721 3656 cognovi
735 3560 838 3657 quod
855 3561 982 3631 timens
1000 3559 1217 3650 Dominum,
1232 3582 1302 3636 »ae
1315 3560 1346 3636 si
1361 3575 1482 3658 aperte
1499 3562 1633 3642 diceret
1649 3593 1661 3644 s
1678 3568 1731 3642 bd
1748 3569 1819 3644 boc

230 3677 326 3749 istud
341 3676 406 3748 tibi
420 3679 573 3776 precepi
588 3678 635 3751 ad
651 3678 754 3775 quod
774 3694 810 3751 te
829 3693 996 3777 peretum
1009 3677 1201 3754 exhibuisti
1214 3705 1225 3769 ;
1247 3691 1285 3752 ut
1300 3678 1348 3756 ab
1363 3679 1441 3754 aliis
1456 3680 1609 3762 faoenn
1623 3692 1816 3783 eognosoi,

228 3796 329 3894 quod
351 3810 434 3868 ante
455 3796 575 3869 semla
596 3797 644 3870 de
660 3813 695 3869 te
710 3800 786 3897 ipse
800 3822 1055 3894 eognoveram.
1083 3801 1190 3872 fleon
1212 3796 1321 3893 igitur
1341 3798 1417 3878 baec
1437 3800 1590 3880 intento
1606 3806 1673 3880 Dei
1690 3808 1756 3882 ibit
1778 3811 1817 3886 in

229 3916 324 3988 sacto
344 3914 448 4012 quod
470 3929 608 3988 reetrnn
630 3941 705 3988 non
727 3917 814 4009 fuit3
845 3931 881 3990 et
903 3917 952 3990 sie
971 3931 1069 3989 recte
1085 3915 1282 4015 probibitio
1301 3917 1377 4013 ejus
1402 3920 1441 3994 in
1463 3920 1627 4019 illisque
1645 3924 1814 4023 diximus,

227 4059 307 4130 quae
320 4035 367 4106 ud
381 4035 454 4106 hoc
468 4034 665 4133 prohibuit,
682 4060 760 4108 non
772 4051 817 4110 ut
832 4035 1029 4135 prohibitio
1047 4049 1240 4126 teneretur,
1259 4036 1321 4116 sod
1342 4051 1381 4114 ut
1399 4039 1550 4120 viuude
1565 4043 1681 4124 inanis
1697 4046 1817 4143 gloriae

230 4153 335 4225 nobis
359 4153 509 4228 infirmis
534 4156 697 4253 exempla
714 4154 898 4230 darentur.
921 4155 1091 4253 Praecepit
1110 4154 1230 4251 itaque
1246 4159 1343 4234 Deus
1363 4157 1464 4254 quod
1485 4158 1563 4238 fieri
1583 4162 1726 4242 bonum
1740 4192 1816 4244 unu

228 4271 317 4363 fuit,
343 4274 435 4346 sicut
455 4298 476 4344 e
497 4276 682 4345 oentrario
698 4274 898 4372 prohibuit,
925 4273 1026 4372 quod
1054 4274 1132 4347 lieri
1154 4274 1294 4352 bonum
1310 4276 1389 4352 fuit.
1415 4282 1459 4354 Et
1483 4280 1575 4358 sieut
1600 4282 1650 4360 ibi
1672 4302 1817 4360 exeusat

224 4414 311 4462 euin
335 4392 501 4482 intentio,
520 4393 568 4464 ita
592 4406 627 4464 et
648 4391 707 4464 hie
728 4417 810 4486 eos,
832 4394 895 4491 qui
913 4407 1132 4492 preceptum
1150 4418 1261 4493 opere
1277 4419 1351 4470 uon
1374 4397 1625 4493 impleverunt,
1650 4404 1817 4480 Seiebsnt

225 4507 362 4604 quippe
379 4534 452 4580 non
476 4509 525 4581 ob
540 4510 612 4582 hoo
631 4536 717 4583 eum
731 4513 954 4610 precepisse,
973 4526 1012 4586 ut
1027 4526 1222 4602 teneretur,
1244 4512 1309 4585 sed
1332 4527 1372 4587 ut
1387 4514 1598 4612 predictum
1609 4524 1815 4621 exemplum

225 4643 506 4724 praeponeretur.
531 4630 634 4702 salva
651 4631 771 4728 itaque
786 4630 971 4704 voluntate
984 4630 1156 4727 jubentis,
1180 4656 1256 4708 nou
1271 4657 1356 4708 euru
1369 4648 1686 4736 contempserunt3
1714 4644 1816 4739 uuus

227 4744 548 4820 voluntatisenon
565 4773 642 4821 esse
659 4751 860 4823 contrarios
876 4749 1137 4824 intellexerunt.
1393 4745 1401 4756 ⁸

273 4865 310 4935 Si
331 4889 421 4962 ergo
440 4889 551 4964 opera
565 4869 679 4963 magis
693 4894 803 4966 quern
819 4869 1058 4943 intentionem
1076 4894 1287 4968 pensemus,
1314 4871 1515 4950 videbimus
1531 4901 1606 4952 non
1625 4903 1814 4977 nunqtram

261 5140 362 5194 ¹turre..
377 5154 430 5203 cop.
442 5154 484 5201 vu,
497 5156 520 5191 r.
533 5145 572 5195 36.
587 5170 615 5180 -
631 5145 712 5196 ²Cod.
726 5147 845 5197 Necdum.
857 5174 886 5185 -
901 5144 1006 5208 ³Genes,
1021 5161 1075 5212 esp.
1088 5160 1181 5210 nun.
1198 5150 1235 5201 lt.
