4559 6100
468 466 539 540 llrlr
1071 466 1198 543 PETRI
1224 460 1453 539 ABAELARDl

466 615 548 688 ideo
578 615 787 714 simpliciter
813 640 958 689 necesse
983 631 1037 689 est
1063 614 1140 689 lieri
1169 616 1227 689 vel
1254 641 1349 706 esse3
1379 617 1429 688 ita
1456 628 1491 687 et
1518 609 1806 709 unumquodque
1834 607 1910 682 lieri
1936 634 1958 683 a
1983 615 2059 685 Deo

465 736 660 834 provisum,
681 759 825 809 necesse
841 751 895 809 est
912 734 1003 827 fieri,
1022 760 1106 808 cum
1120 734 1167 808 ab
1182 736 1262 835 ipso
1279 735 1355 808 fieri
1371 735 1559 834 provisum
1575 734 1639 827 sit,
1658 756 1725 804 uec
1741 744 1861 803 mmen
1883 729 1966 804 ideo
1984 730 2060 803 lieri

463 879 608 926 necesse
624 868 689 927 est.
714 853 822 942 Quod
842 856 871 927 si
899 855 980 954 quis
1005 853 1150 952 objiciat
1176 854 1223 927 de
1248 855 1467 955 proprietate
1491 851 1786 926 contradictionis
1811 852 2056 951 supraposita,

464 974 548 1071 quia
572 973 630 1045 vel
650 973 797 1049 lierivel
816 998 891 1047 non
908 973 986 1046 lieri
1001 999 1145 1048 necesse
1170 989 1240 1064 est,
1257 990 1293 1049 et
1308 974 1467 1073 requirat
1486 971 1587 1071 quod
1611 971 1747 1044 horum
1762 971 1808 1042 sit
1823 994 1985 1066 necesse,
2002 973 2058 1046 vel

463 1093 512 1165 ita
529 1107 703 1191 tanquam
730 1118 773 1166 er
799 1093 1031 1193 hypothetica
1054 1092 1231 1192 disjuncta
1249 1093 1335 1166 velit
1350 1116 1498 1188 arguere
1518 1119 1526 1162 ε
1547 1089 1610 1162 sed
1635 1113 1712 1161 non
1740 1103 1792 1161 est
1816 1113 1961 1161 necesse
1982 1116 2057 1164 non

463 1212 559 1307 fieri3
579 1238 664 1312 ergo
686 1239 828 1287 necesse
843 1229 896 1288 est
913 1213 1011 1306 fieri3
1031 1229 1066 1287 et
1093 1215 1139 1287 de
1162 1214 1233 1287 hoc
1254 1212 1365 1287 oredo
1381 1236 1449 1284 nos
1464 1210 1724 1284 documentum
1744 1208 1952 1308 philosophi
1976 1209 2057 1284 dili·

462 1349 587 1431 genter
612 1336 813 1434 aperuisse,
833 1349 869 1408 et
883 1335 955 1408 hoc
970 1334 1018 1409 ad
1038 1334 1285 1408 defensionem
1306 1333 1381 1432 jam
1409 1331 1560 1404 omuino
1582 1328 1755 1402 sufficere.
1781 1332 1859 1402 Non
1876 1330 1995 1420 enim,
2017 1346 2057 1404 ut

462 1451 599 1527 dictum
620 1469 690 1548 est,
711 1452 925 1552 disjunctam
941 1453 1213 1553 hypotheticam
1230 1453 1280 1526 ibi
1301 1450 1504 1525 Aristoteles
1523 1450 1715 1543 intellexit,
1735 1474 1834 1549 quae,
1857 1463 1897 1521 ut
1920 1447 2056 1522 dictum

460 1588 533 1663 est,
561 1573 648 1647 salsa
668 1587 776 1667 esset3
795 1574 951 1673 ideoque
966 1600 1043 1648 non
1056 1576 1222 1673 cogimur
1242 1588 1281 1647 ut
1295 1574 1367 1646 hoc
1380 1571 1436 1645 vel
1454 1568 1541 1644 illud
1563 1569 1767 1642 membrum
1791 1568 1983 1666 eligamus,
1999 1570 2057 1642 vel

460 1694 561 1790 quasi
588 1717 661 1765 nuo
688 1692 864 1792 disjuncte
888 1694 1051 1769 membro
1076 1693 1290 1794 reprobato,
1316 1694 1469 1767 alterum
1496 1689 1747 1764 concludatur.
1774 1694 1855 1762 Non
1881 1689 1997 1782 enim,
2016 1705 2057 1765 ut

460 1811 597 1886 dictum
621 1829 691 1904 est,
718 1813 895 1911 disjuncta
919 1814 1153 1915 hypothetica
1179 1827 1233 1887 est
1257 1810 1506 1911 intelligenda,
1526 1809 1589 1884 sed
1615 1809 1816 1906 categorica
1835 1808 2057 1907 disjunctum

458 1932 569 2006 habet
585 1933 806 2031 subjectum3
828 1959 947 2034 neque
971 1958 1057 2033 ergo
1074 1933 1151 2007 fieri
1167 1934 1239 2006 hoc
1255 1931 1354 2032 qnod
1370 1932 1556 2032 provisum
1573 1944 1646 2023 est,
1666 1953 1784 2028 neque
1801 1952 1877 2001 non
1896 1926 1974 2001 fieri
1991 1953 2055 2002 ne·

458 2075 557 2125 cesse
574 2069 649 2146 est,
669 2053 751 2128 licet
765 2052 842 2126 fleri
858 2053 915 2128 vel
931 2080 1007 2127 nou
1022 2054 1116 2146 lieri,
1136 2054 1210 2127 hoc
1229 2068 1347 2127 totum
1359 2052 1514 2145 scilicet,
1529 2051 1573 2122 sit
1590 2074 1748 2122 necesse.
1769 2046 1823 2121 Ad
1839 2047 1938 2120 huuc
1949 2048 2055 2121 etiam

456 2172 609 2245 modum
631 2199 716 2246 cum
734 2172 866 2246 dicitur
881 2199 1027 2247 necesse
1044 2188 1097 2248 est
1120 2173 1217 2246 diem
1234 2171 1291 2247 rel
1307 2186 1452 2244 noctem
1476 2195 1572 2262 esse,
1601 2169 1676 2243 duo
1699 2166 1946 2265 distinguendi
1971 2183 2055 2240 sunt

454 2315 593 2365 sensus.
611 2295 713 2391 Saepe
729 2307 849 2366 autem
861 2292 969 2391 hujus
981 2294 1082 2366 modi
1096 2293 1370 2391 conjunctiones
1386 2306 1461 2364 tam
1473 2288 1684 2389 copulativae
1697 2313 1807 2388 quam
1818 2284 2051 2385 disjunctivae,

453 2413 522 2484 nisi
539 2411 691 2510 diligens
709 2411 924 2486 adhiheatur
941 2411 1212 2506 determinatio,
1229 2412 1266 2484 iu
1281 2412 1405 2486 falsam
1417 2436 1486 2484 nos
1501 2410 1712 2510 opinionem
1731 2407 1832 2481 facile
1849 2406 2050 2507 impellent,

455 2531 492 2600 in
505 2529 561 2603 his
587 2533 695 2605 etiam
716 2532 1026 2632 propositionibus
1048 2558 1129 2631 quae
1145 2532 1335 2606 necessarii
1349 2528 1547 2631 [nomenl]
1571 2553 1647 2601 nou
1668 2526 1818 2601 habent.
1838 2531 1930 2600 Cum
1956 2529 2053 2602 enim

453 2647 633 2723 dicimus:
650 2653 769 2723 Omne
785 2650 918 2723 animal
936 2666 990 2724 est
1006 2673 1159 2745 sanum,
1179 2653 1237 2725 vel
1253 2675 1364 2724 omne
1376 2650 1508 2724 animal
1522 2664 1576 2723 est
1592 2672 1751 2745 aegrum,
1773 2646 1925 2719 multum
1945 2649 2052 2722 resert

452 2780 575 2839 utrum
592 2767 681 2841 illud
697 2768 752 2841 vel
765 2770 1188 2869 propositionesjungat,
1200 2784 1236 2843 et
1250 2769 1520 2870 hypotheticam
1536 2769 1751 2867 disjunctam
1764 2766 1887 2857 saciat,
1903 2769 1988 2841 acsi
2005 2770 2054 2841 ita

452 2884 655 2961 diceretur:
674 2892 793 2961 Omne
807 2887 940 2961 animal
956 2904 1010 2962 est
1022 2914 1174 2982 sanum,
1189 2890 1246 2963 vel
1262 2916 1372 2963 omne
1388 2889 1520 2964 animal
1537 2903 1590 2963 est
1603 2912 1759 2986 aegrum,
1774 2912 1819 2960 au
1835 2886 2053 2962 dictionibus

452 3004 489 3077 in
507 3007 700 3105 praedicato
728 3007 853 3109 positis
878 3008 1099 3109 applicetur,
1119 3024 1155 3082 et
1177 3011 1415 3109 categoricam
1436 3008 1676 3083 universalem
1697 3006 1825 3081 reddat
1840 3031 1962 3082 veram
1986 3008 2052 3084 ha·

450 3124 595 3199 bentem
623 3128 841 3224 disjunctum
868 3128 1114 3228 praedicatum.
1142 3129 1213 3203 Sed
1240 3131 1333 3204 sicut
1361 3130 1534 3221 dicimus,
1562 3127 1765 3230 copulativa
1798 3128 2051 3223 conjunctione

449 3248 635 3346 apposita:
653 3252 770 3321 Omne
786 3247 959 3323 rationale
975 3263 1011 3321 et
1025 3250 1177 3323 mortale
1193 3265 1245 3323 est
1262 3250 1390 3341 homo,
1403 3264 1521 3350 potest
1540 3248 1747 3347 conjunctio
1762 3246 1820 3320 vel
1832 3250 2049 3347 propositio-

449 3364 556 3439 nibus
575 3368 768 3467 applicari,
794 3383 831 3441 ct
858 3368 983 3442 salsam
1009 3370 1297 3443 enuntiationem
1319 3368 1489 3461 reddere,
1507 3394 1550 3443 ac
1572 3371 1600 3441 si
1621 3367 1787 3441 videlicet
1813 3368 1862 3440 ita
1883 3367 2045 3442 dicatur:

451 3488 570 3558 Omne
582 3487 759 3561 rationale
775 3503 811 3560 et
826 3513 936 3562 omne
950 3488 1120 3580 mortale,
1137 3503 1176 3561 et
1187 3513 1330 3561 rursum
1353 3488 1514 3562 terminis
1530 3503 1669 3562 tantum
1688 3489 1724 3560 in
1747 3487 1909 3586 subjecto
1926 3489 2050 3588 positis

450 3605 598 3698 sociata,
615 3630 739 3679 veram
762 3605 917 3702 efficere,
943 3622 1116 3705 anquam
1131 3609 1162 3680 si
1178 3606 1321 3682 dicatur
1340 3635 1348 3678 :
1369 3612 1485 3681 Omne
1501 3608 1675 3682 rationale
1691 3622 1727 3680 et
1741 3609 1859 3707 ipsum
1880 3607 2046 3703 mortale,

448 3722 521 3795 hoc
543 3738 615 3810 est,
641 3750 752 3798 omne
776 3727 951 3799 rationale
972 3727 1072 3823 quod
1093 3726 1198 3798 simul
1222 3743 1258 3800 et
1282 3727 1434 3801 mortale
1458 3742 1529 3822 est,
1550 3743 1602 3803 est
1619 3728 1744 3802 homo.
1764 3728 1823 3800 Sic
1839 3729 1946 3800 etiam
1962 3751 2047 3799 curn

449 3841 602 3915 dicimus
618 3843 720 3942 quod
730 3843 807 3916 haec
818 3846 1039 3945 propositio:
1053 3851 1172 3918 Homo
1186 3860 1238 3918 est
1252 3846 1436 3922 rationalis
1449 3851 1506 3921 vel
1517 3849 1746 3940 irrationalis,
1760 3846 1847 3920 dicit
1858 3847 2047 3920 hominem

448 3985 525 4034 esse
539 3962 752 4035 rationalem
770 3964 826 4036 vel
846 3964 1105 4057 irrationalem3
1123 3966 1182 4038 vel
1202 3966 1277 4038 haec
1296 3966 1521 4065 propositio:
1544 3972 1660 4040 Homo
1676 3981 1730 4040 est
1745 3965 1930 4040 rationalis
1943 3981 1979 4040 et
1994 3968 2048 4039 ir·

449 4080 652 4172 rationalis,
665 4080 752 4154 dicit
767 4081 959 4156 hominem
970 4107 1046 4157 esse
1061 4085 1274 4158 rationalem
1284 4099 1318 4158 et
1329 4085 1570 4159 irrationalem
1582 4142 1592 4180 ,
1604 4109 1646 4159 ex
1665 4099 1816 4183 utraque
1833 4084 1907 4158 duo
1924 4111 2049 4159 sensus

447 4191 575 4272 haberi
591 4216 761 4299 possunt,
781 4202 870 4275 alter
885 4202 1032 4301 quidem
1048 4229 1155 4277 verus
1176 4221 1212 4278 et
1233 4204 1321 4277 alter
1346 4205 1466 4279 falsus.
1484 4206 1520 4278 Si
1537 4207 1635 4279 enim
1656 4204 1730 4277 hoc
1744 4204 1894 4278 verbum
1911 4259 1921 4298 ,
1940 4205 2044 4297 dt'cit,

446 4315 503 4390 bis
521 4320 714 4416 repetitum
739 4320 969 4418 intelligatur,
988 4346 1031 4395 ac
1048 4323 1076 4395 si
1094 4322 1261 4396 videlicet
1276 4323 1438 4398 dicatur:
1458 4329 1540 4398 Haec
1559 4324 1763 4425 propositio
1783 4339 1846 4396 aut
1864 4324 1937 4398 hoc
1960 4324 2050 4397 dicit

447 4451 509 4509 aut
524 4435 614 4509 illud
631 4438 738 4529 dicit,
756 4438 813 4512 vel
828 4466 837 4510 ε
855 4444 937 4514 llaec
954 4443 1155 4540 propositio
1175 4457 1211 4515 et
1225 4442 1298 4515 hoc
1322 4443 1407 4517 dicit
1422 4459 1458 4517 et
1474 4442 1565 4516 illud
1586 4443 1694 4536 dicit,
1711 4443 1896 4516 manifeste
1918 4442 2049 4516 salsum

447 4570 513 4630 est.
531 4557 569 4628 Si
584 4571 705 4629 autern
719 4558 827 4630 semel
840 4559 992 4631 verbum
1008 4561 1165 4659 positum
1181 4575 1366 4655 sumatur,
1386 4564 1602 4635 econtrario
1620 4588 1749 4636 verum
1766 4577 1831 4635 est.
1851 4560 2050 4659 Diligenter

446 4676 568 4774 itaque
582 4674 841 4749 attendendum
852 4690 905 4749 est
920 4678 957 4748 in
971 4676 1179 4775 hujusmodi
1193 4678 1519 4772 enuntiationibus,
1539 4678 1602 4752 ubi
1615 4681 1888 4778 conjunctiones
1896 4680 2049 4754 diversis

446 4795 631 4895 applicatae
650 4818 796 4867 sensum
814 4796 973 4883 variam,
1004 4810 1044 4868 ut
1071 4795 1371 4873 determinatione
1397 4801 1584 4900 apposita,
1615 4799 1879 4874 cavillationem
1904 4801 2049 4900 sophis-

447 4914 551 4987 matis
570 4915 762 5006 evitemus,
787 4914 879 4987 sicut
894 4928 931 4987 et
947 4939 1054 5015 supra
1070 4915 1318 5011 distinximus,
1334 4933 1409 4992 tam
1428 4922 1466 4991 in
1488 4919 1545 4992 his
1562 4919 1872 5020 propositionibus
1893 4920 1956 4994 ubi
1972 4944 2050 4995 ne-

446 5034 588 5108 cessarii
612 5058 747 5107 nomen
772 5034 921 5134 ponitur
938 5060 1048 5134 quam
1071 5038 1217 5110 caeteris.
1236 5038 1274 5109 Si
1295 5039 1375 5135 quis
1397 5052 1519 5112 autem
1540 5065 1608 5138 pro
1633 5065 1675 5114 ea
1699 5041 1945 5141 propositione
1963 5067 2049 5140 quae
