4559 6100
704 527 748 600 IN
773 523 1019 601 aristobuli
1044 526 1105 600 ab
1130 527 1358 603 Romanos.
1403 604 1408 615 ,
1752 520 1822 594 toa

230 695 358 745 eorum
372 671 541 770 proprius
555 672 745 771 Apostolus
761 672 957 747 destinatus
973 687 1036 745 est.
1053 674 1158 748 Unde
1172 690 1208 748 et
1221 673 1350 748 doctor
1366 673 1525 770 gentium
1540 670 1737 769 specialiter
1748 671 1823 771 ipse
1842 648 1845 673 ”

230 790 350 865 dictus
365 804 430 867 est.
451 790 543 863 Hinc
559 803 613 864 est
627 790 768 889 illudio
782 792 928 865 Actibus
943 795 1210 892 Apostolorum,
1227 794 1368 865 dicente
1384 792 1515 891 Spiritu
1533 794 1674 863 sancto¹
1693 819 1701 862 :
1723 821 1741 859 κ
1760 793 1823 863 Se·

231 924 373 1008 gregata
390 910 479 983 mihi
495 911 695 985 Barnabam
716 927 753 985 et
767 911 915 985 Paulum
937 914 974 985 in
998 938 1089 1013 opus
1109 912 1296 988 ministerii
1310 912 1356 985 ad
1378 910 1477 1009 quod
1503 911 1677 1009 assumpsi
1705 934 1780 984 eos.
1801 938 1820 979 u

233 1031 464 1127 Evangelium
487 1030 584 1103 bona
614 1033 840 1104 annuntiatio
862 1032 1005 1126 dicitur,
1031 1058 1075 1106 eo
1093 1034 1257 1108 videlicet
1275 1033 1376 1131 quod
1392 1030 1602 1126 Evangelica
1621 1028 1825 1127 predicatio

229 1151 392 1223 enuntiet
408 1150 627 1249 completum
640 1151 741 1250 quod
756 1167 861 1225 antea
874 1154 1184 1251 eratpromissum.

282 1300 299 1335 α
316 1270 427 1359 Quod
438 1284 522 1343 ante
540 1271 765 1368 promiserat.
786 1302 804 1338 r>
819 1273 1095 1346 Commendatio
1109 1290 1163 1348 est
1181 1272 1360 1370 Evangelii
1374 1271 1475 1370 quod
1490 1271 1613 1343 olima
1629 1274 1707 1341 Deo
1719 1268 1825 1341 nobis

228 1390 449 1487 promissum
464 1390 562 1462 dicit.
580 1418 601 1457 a
614 1394 681 1461 Per
698 1390 894 1490 Prophetas
905 1418 1002 1466 suos.
1021 1422 1040 1460 u
1060 1398 1174 1466 Nemo
1191 1394 1288 1466 enim
1308 1416 1385 1465 rem
1410 1389 1530 1482 vilem,
1555 1401 1595 1461 ut
1607 1388 1657 1461 ait
1672 1387 1822 1460 Ambro-

227 1509 323 1600 sius,
346 1510 486 1606 magnis
508 1508 733 1608 praeconibus
759 1512 914 1585 nunhat.
939 1517 1006 1585 Per
1031 1514 1248 1587 Hieremiam
1267 1512 1445 1584 Dominus
1461 1510 1582 1582 dicit¹z
1600 1537 1618 1578 a
1635 1513 1726 1580 Ecce
1748 1508 1824 1580 dies

227 1629 391 1721 veniunt,
409 1644 447 1702 et
466 1629 728 1703 consummabo
750 1634 1014 1705 Testamentum
1031 1657 1187 1718 novum,
1209 1647 1279 1706 etc.
1297 1662 1315 1699 >r
1338 1634 1430 1703 Suos
1451 1629 1538 1702 dicit
1557 1627 1752 1728 prophetas
1775 1627 1822 1700 ad

226 1748 466 1822 differentiam
489 1749 661 1822 salsorum
677 1751 752 1823 sive
772 1751 1024 1849 reproborum,
1043 1754 1136 1826 sicut
1151 1753 1294 1826 Balaam
1306 1751 1361 1825 vel
1381 1751 1443 1849 qui
1459 1774 1525 1849 per
1539 1749 1703 1848 spiritum
1720 1746 1823 1820 mali-

224 1893 337 1964 gnum
361 1892 628 1968 nonnunquam
648 1870 765 1943 lutura
787 1872 998 1970 predicunt.
1030 1874 1209 1974 Propheta
1231 1873 1366 1972 quippe
1388 1882 1443 1943 ost
1467 1870 1530 1968 qui
1554 1868 1670 1939 futura
1694 1867 1820 1965 predi·

224 1989 345 2062 cendo
359 1989 506 2063 revelat.
523 1990 628 2063 Unde
641 2005 678 2062 et
690 1990 867 2090 propheta
882 1995 984 2090 quasi
996 2018 1016 2066 a
1028 1994 1292 2093 prophetando,
1305 1992 1342 2065 id
1355 2005 1420 2083 est,
1434 1987 1662 2089 praedicendo
1676 1984 1818 2061 dicitur.

226 2138 246 2174 ι
274 2112 315 2180 ln
344 2110 541 2209 scripturis.
570 2141 588 2177 »
616 2110 663 2183 Ut
687 2134 763 2183 non
796 2111 913 2184 solum
938 2113 1056 2186 verbis
1086 2114 1160 2188 hoc
1183 2114 1368 2214 prophetae
1392 2110 1667 2203 annuntiarent,
1695 2132 1821 2181 verum

223 2229 333 2300 etiam
359 2230 543 2328 scripturis
577 2230 846 2303 confirmarent.
882 2235 1076 2307 «Sanctis.
1104 2266 1122 2301 ι
1146 2240 1224 2307 Hoc
1247 2250 1301 2307 est
1328 2232 1374 2305 ad
1402 2230 1597 2304 sanctitatis
1618 2227 1820 2301 doctrinam

220 2361 259 2419 et
283 2348 465 2444 religionis
488 2350 642 2422 sormam
663 2350 893 2448 conscriptis,
916 2367 952 2424 et
975 2353 1253 2451 Spiritusancto
1281 2352 1438 2425 dictante
1463 2348 1682 2446 compositis.
1719 2377 1737 2413 ι
1765 2352 1820 2421 De

220 2466 300 2539 filio
322 2493 402 2540 suo.
423 2499 442 2536 n
461 2469 501 2541 ld
518 2483 570 2542 est
583 2470 733 2568 proprio
758 2484 795 2542 et
811 2472 1048 2565 substantiali,
1068 2497 1144 2545 non
1165 2472 1350 2571 adoptivo.
1382 2470 1492 2557 «Qui
1515 2469 1627 2540 lactus
1650 2481 1703 2539 est
1717 2469 1750 2539 ei
1775 2491 1819 2540 ex

217 2586 359 2659 semme
384 2588 501 2663 David
523 2589 723 2662 secundum
740 2612 898 2664 carnem.
922 2618 941 2658 u
966 2590 1008 2663 ld
1030 2606 1083 2663 cst
1101 2591 1300 2665 humanam
1324 2603 1506 2681 naturam,
1531 2589 1592 2685 qui
1619 2585 1818 2659 secundum

215 2705 381 2780 divinam
407 2709 639 2782 solummodo
669 2723 723 2781 est
745 2709 898 2806 genitus.
938 2711 1026 2781 «Ei.
1047 2738 1065 2778 u
1092 2710 1233 2783 Scilicet
1266 2714 1344 2781 Deo
1372 2709 1478 2800 Patri,
1510 2707 1548 2780 id
1575 2720 1640 2799 est,
1673 2705 1720 2776 ad
1750 2705 1818 2777 ho·

212 2850 349 2899 norem
368 2830 479 2926 ipsius
498 2829 563 2927 qui
580 2852 720 2927 semper
736 2829 773 2901 in
795 2827 884 2901 Filio
903 2828 1120 2925 glorificatus
1145 2843 1252 2902 estet
1271 2828 1470 2901 honoratus
1492 2850 1501 2898 :
1523 2851 1606 2899 cum
1625 2827 1702 2924 ipsc
1724 2824 1819 2897 dicat

209 2945 328 3019 Filius
359 2949 426 3021 Dei
449 2948 633 3047 propriam
657 2947 807 3046 gloriam
827 2972 865 3021 se
878 2958 973 3020 ‘non
1005 2970 1177 3045 quaerere,
1207 2948 1271 3021 sed
1292 2949 1369 3045 ejus
1392 2949 1453 3045 qui
1481 2947 1576 3018 misit
1597 2970 1696 3018 eum.
1729 2973 1749 3014 u
1767 2951 1818 3017 Ex

208 3067 358 3140 semine
383 3067 512 3141 David.
527 3099 546 3135 »
563 3067 604 3140 ld
627 3082 697 3161 est,
713 3093 756 3140 ex
772 3069 898 3162 Maria,
918 3092 996 3165 quae
1010 3069 1076 3142 luit
1091 3094 1136 3142 ex
1155 3070 1263 3167 stirpe
1279 3066 1419 3156 David,
1439 3091 1522 3139 cum
1543 3080 1617 3138 tam
1639 3064 1817 3136 Abraham

205 3210 330 3284 quam
353 3188 469 3261 David
489 3189 679 3288 promissio
703 3187 750 3261 de
772 3188 913 3261 Christo
939 3190 1030 3263 sacta
1055 3190 1121 3281 sit;
1147 3205 1188 3262 ut
1207 3188 1372 3261 videlicet
1388 3186 1435 3259 de
1449 3211 1577 3259 eorum
1602 3187 1738 3258 semine
1753 3209 1818 3282 per

202 3321 372 3380 matrem
399 3332 502 3381 suam
524 3323 739 3381 nasceretur.
766 3309 833 3380 Hic
856 3322 977 3381 tamen
1006 3308 1123 3381 solum
1146 3321 1405 3380 commemorat
1430 3303 1559 3397 David,
1583 3305 1647 3401 qui
1663 3304 1817 3401 graviter

197 3450 482 3525 nonnunquam
505 3427 668 3526 deliquit,
692 3453 769 3500 non
793 3426 972 3501 Abraham
989 3427 1052 3526 qui
1074 3428 1228 3500 maxime
1246 3427 1364 3523 justus
1382 3425 1575 3524 apparuit:
1595 3422 1817 3495 utvidelicet

193 3544 349 3618 divinae
363 3548 494 3643 gratiae,
504 3572 582 3620 non
596 3548 731 3620 meritis
746 3547 938 3620 bominum
954 3562 1072 3621 totum
1096 3547 1204 3644 hujus
1219 3545 1474 3620 incarnationis
1491 3542 1668 3616 tribuatur
1684 3557 1815 3639 myste-

191 3666 327 3739 rium.
358 3665 496 3739 Sufficit
520 3668 627 3740 etiam
653 3667 841 3754 nominare
855 3665 994 3754 David„
1013 3667 1121 3739 tacito
1151 3665 1342 3755 Abraham,
1365 3688 1450 3736 cum
1465 3686 1531 3761 per
1550 3660 1667 3734 David
1682 3662 1745 3760 qui
1768 3660 1815 3733 de

186 3809 348 3882 genere
364 3785 514 3858 Abrahae
530 3800 597 3877 est,
615 3784 798 3858 Christum
814 3784 1003 3883 degenere
1020 3785 1167 3858 Abrahae
1185 3809 1262 3857 esse
1278 3784 1419 3856 doceat.
1593 3769 1596 3772 ¹

251 3934 279 3971 a
308 3905 385 3992 Qui
404 3904 675 4003 praedestinatus
700 3919 767 3977 est.
787 3933 807 3974 u
835 3909 914 3978 Hoc
941 3919 1016 3995 est,
1042 3905 1170 3976 divim
1196 3907 1307 4001 gratia
1332 3916 1563 4003 praeparatus,
1589 3923 1657 3998 pro
1681 3923 1754 3996 qua
1779 3914 1816 3971 et

181 4025 321 4096 matri
348 4024 427 4119 ejus
453 4023 590 4097 dictum
615 4026 719 4097 est':
744 4053 762 4093 a
791 4027 880 4118 Ave,
909 4025 1020 4121 gratia
1042 4024 1163 4122 plena.
1190 4052 1207 4089 s
1238 4022 1503 4096 Praedestinatio
1527 4021 1662 4119 quippe
1683 4018 1815 4091 dicitur

175 4143 347 4215 divinae
368 4143 487 4239 gratiae
505 4144 729 4243 praeparatio.
759 4143 1031 4217 Pnrdcstinatus
1055 4157 1122 4234 est,
1146 4145 1294 4240 inquam
1315 4173 1332 4209 u
1352 4140 1460 4215 Filius
1479 4141 1545 4212 Dei
1569 4140 1605 4210 in
1627 4139 1770 4209 virtute.
1792 4164 1811 4205 u

172 4272 280 4340 Hoc
305 4277 379 4355 est,
397 4279 437 4336 ut
450 4280 541 4338 esset
558 4267 670 4338 virtus
687 4281 722 4339 et
739 4266 912 4340 fortitudo
928 4269 1093 4339 omnium
1109 4267 1143 4338 ei
1159 4266 1415 4338 cohaerentium
1427 4289 1493 4363 per
1509 4262 1631 4334 fidem.
1653 4292 1671 4327 «
1683 4265 1816 4333 Secun-

171 4387 289 4459 dum
309 4384 490 4481 Spiritum
502 4383 828 4457 sanctificationis.»
841 4384 896 4459 Ad
904 4385 1169 4484 duopraemissa
1180 4384 1255 4457 duo
1268 4383 1338 4457 aha
1351 4381 1541 4472 subnectit,
1560 4381 1663 4479 quasi
1676 4377 1814 4476 singula

168 4503 366 4603 singulis
383 4502 553 4575 reddens.
569 4504 622 4576 Ad
643 4503 732 4576 illud
745 4504 893 4602 quidem
910 4504 1011 4600 quod
1023 4505 1143 4602 primo
1160 4503 1249 4575 dixit
1266 4505 1360 4602 aqui
1376 4503 1489 4575 sactus
1505 4513 1558 4573 est
1573 4501 1606 4573 ei
1618 4524 1661 4571 ex
1678 4501 1814 4571 semine

164 4623 329 4702 David
355 4622 556 4697 secundnm
580 4647 727 4697 carnem
740 4653 781 4718 ,»
806 4623 901 4696 istud
926 4624 1121 4722 subjungit,
1156 4623 1385 4697 «secundum
1415 4622 1587 4721 Spiritum
1617 4617 1814 4694 sanctifica·

162 4747 332 4838 tionis,
353 4769 372 4810 u
390 4741 464 4815 boc
488 4757 543 4815 est
561 4767 627 4841 per
645 4744 893 4843 operationem
914 4743 1044 4817 divinae
1064 4744 1196 4841 gratia,
1226 4768 1305 4841 quae
1325 4743 1477 4843 Spiritus
1498 4755 1643 4814 sanctus
1668 4737 1809 4823 dicitur,

194 5063 203 5092 ¹
219 5058 296 5108 Act.
314 5052 425 5113 Amet..
442 5062 497 5112 uo.
510 5061 568 5110 111¹.
578 5062 602 5100 v.
616 5054 640 5102 t.
653 5077 682 5087 -
693 5049 814 5107 ’tmm.‚
825 5063 880 5113 etp.
891 5064 969 5111 mr,
985 5065 1008 5099 r.
1022 5054 1050 5103 tt
1063 5066 1070 5099 r
1081 5069 1096 5096 α
1108 5050 1170 5101 Ecca
1182 5051 1236 5101 dtas
1246 5050 1359 5110 resulcat,
1370 5049 1430 5098 dlett
1444 5046 1574 5109 boninus,
1586 5052 1611 5095 et
1626 5043 1710 5094 leriam
1727 5043 1812 5092 demut

157 5140 249 5190 ιηι
261 5142 301 5187 et
317 5131 417 5183 donat
426 5127 491 5182 luda
502 5129 581 5181 lodus
592 5143 689 5182 novun.
699 5132 772 5176 »··⁸
783 5129 853 5194 huc,
862 5145 917 5195 cap.
929 5145 948 5195 r,
958 5144 985 5194 y.
998 5134 1037 5183 28.
